1871 3211
430 267 1132 322 SANORUM.
1367 272 1423 318 81

135 390 292 443 dicina
314 397 423 446 effet
444 417 454 446 :
496 413 687 449 cautum
712 404 884 451 etenim
905 416 1018 462 erat,
1043 421 1099 450 ne
1124 405 1228 467 quis
1266 403 1425 449 Medi-

135 483 296 516 corum
337 470 519 521 infirma
543 488 587 521 et
621 478 754 524 malis
782 493 1000 542 corrupta
1033 494 1242 541 corpora>
1276 477 1427 522 Vlffiffi

130 542 353 591 tenuitate
373 550 718 611 aggrederetur,
739 568 791 597 ne
807 552 1034 599 imbecilli
1057 551 1284 603 homines,
1303 565 1423 611 quo·

126 629 232 661 rum
257 619 384 666 nulla
408 637 584 670 extaret
609 640 719 687 erga
744 624 981 671 civitatem
1016 625 1210 679 utilitas,
1252 637 1421 667 vanam

92 752 96 754 ῃ
122 691 439 750 producerent
462 698 627 755 vitam,
654 712 700 744 et
734 698 1115 756 valetudinarios,
1154 695 1282 762 quod
1314 695 1421 742 inde

123 761 346 827 sequitur,
373 769 494 818 filios
518 776 533 800 ³
559 786 847 836 generarent.

184 926 232 968 4.
271 912 362 961 Sed
402 915 518 963 dura
559 918 656 965 haec
682 918 813 966 Artis
852 917 1063 974 saevities,
1106 914 1417 981 Hippocratis

105 980 305 1049 jamque
320 1003 455 1038 aetate
474 991 776 1050 obsoleverat,
794 993 918 1056 isque
941 1008 1119 1050 contra,
1139 993 1200 1039 ob
1218 991 1414 1038 nimiam

117 1058 267 1108 vistus
290 1063 335 1109 in
361 1067 535 1113 morbis
561 1066 852 1123 tenuitatem,
893 1084 1078 1114 coaevos
1118 1066 1199 1112 sibi
1245 1064 1413 1112 Medi·-

118 1149 199 1182 cos
226 1136 470 1187 scribendo
495 1141 753 1203 castigavit.
825 1143 924 1189 Cur
948 1159 1061 1188 vero
1089 1141 1304 1187 ciborum
1327 1140 1410 1188 de-

113 1210 276 1256 traffio
301 1213 732 1278 maximajamque,
759 1231 841 1279 per
868 1216 915 1262 id
942 1230 1125 1277 tempus
1162 1212 1409 1260 sanationis

110 1299 218 1346 pars
231 1284 492 1342 haberetur,
507 1305 658 1350 neque
673 1289 816 1335 etiam
838 1291 1021 1336 debitus
1035 1290 1077 1334 in
1090 1290 1176 1335 hoc
1193 1289 1288 1351 ipso
1300 1304 1407 1335 mo-

111 1359 198 1406 dus
223 1361 489 1418 servaretur,
512 1363 651 1409 docet
677 1364 811 1409 Plato
829 1371 872 1422 4,
897 1365 1143 1427 postquam
1168 1379 1225 1408 ex
1260 1362 1405 1425 prisca

110 1450 180 1493 ea,
196 1453 337 1500 quam
355 1437 490 1500 supra
508 1437 818 1495 laudavimus,
839 1439 1112 1486 Diaetetices
1133 1453 1297 1482 norma
1316 1438 1403 1483 de-

111 1510 460 1566 monstraviffet,
489 1511 644 1559 Graeci
685 1512 912 1560 exercitus
946 1511 1291 1558 commilitones
1330 1510 1402 1573 pi-

79 1576 228 1632 ‘tuita
266 1583 340 1630 seu
382 1584 604 1631 stomachi
641 1586 892 1649 repletione
914 1601 1175 1648 numquam
1207 1585 1396 1631 labora-

104 1658 232 1716 viffe,
258 1656 431 1722 quibus
455 1673 679 1722 peraeque
704 1676 756 1707 ac
778 1659 1032 1708 Machaoni
1057 1658 1268 1706 ex'nibita
1293 1673 1397 1705 me·

147 1853 163 1877 ³
193 1844 266 1884 Ista
295 1845 372 1883 fere
402 1844 572 1884 Platonis
596 1845 735 1883 suntin
765 1845 967 1884 Dial.111.
991 1847 1032 1884 de
1058 1845 1209 1898 Republ.
1235 1845 1298 1882 Ob
1316 1854 1402 1882 eam

93 1904 263 1943 similiter
294 1904 479 1942 rationem
506 1903 762 1954 Hippocrates
790 1911 826 1942 in
855 1906 940 1942 Lib.
971 1906 1005 1944 I.
1033 1907 1093 1943 De
1113 1907 1209 1943 Via.
1236 1907 1330 1942 Rat.
1359 1908 1401 1940 im

89 1965 211 2005 Morb.
229 1965 357 2002 Acutis
382 1964 596 2016 neglefitam
626 1965 673 2001 ab
693 1963 975 2015 antiquioribus
1004 1964 1181 2011 Medicis,
1211 1963 1280 2015 qui
1300 1963 1400 2002 Gni..

90 2023 173 2061 dias
190 2022 397 2074 appellatas
422 2019 622 2060 sententias
639 2021 955 2072 conscripserunt,
986 2021 1108 2060 vic'tus
1138 2022 1321 2060 rationem
1336 2022 1399 2059 fu-

87 2082 165 2132 iffe,
185 2097 311 2135 neque
336 2083 382 2120 de
409 2097 453 2120 ea
471 2079 619 2132 aliquid
638 2081 754 2118 effatu
781 2082 941 2132 dignum
967 2082 1169 2130 tradidisse,
1198 2084 1398 2134 perspicue

85 2146 281 2184 admonet.
333 2144 517 2195 Legimus
537 2139 788 2180 nihilominus
808 2144 847 2181 in
871 2143 959 2181 Lib.
974 2146 1012 2182 de
1037 2147 1118 2183 Vct.
1136 2147 1238 2184 Med.
1274 2160 1394 2198 quem

87 2202 320 2256 Hippocrati
339 2217 361 2241 a
377 2202 507 2242 multis
528 2203 728 2248 tributum,
749 2198 882 2253 spuriis
898 2202 1087 2241 accensuit
1106 2205 1160 2242 H.
1180 2205 1394 2243 Mercuria-

83 2265 145 2314 lis,
165 2265 338 2302 ciborum
352 2263 392 2301 in
409 2261 549 2301 morbis
563 2263 834 2302 detractionem
848 2263 1053 2302 Medicinae
1066 2263 1206 2316 origini
1221 2255 1414 2305 coaevar‘rs

83 2326 216 2372 fuiffe3
245 2337 358 2362 nemo
374 2323 558 2376 fiquidem
578 2334 697 2362 artem
717 2337 799 2362 eam
818 2323 1056 2376 quaefiviffet,
1089 2325 1115 2362 fi
1145 2325 1244 2364 idern
1262 2327 1391 2365 victus

83 2384 238 2436 aegrotis
259 2394 296 2422 et
316 2383 412 2421 sanis
430 2382 638 2434 profuisset.
696 2385 829 2434 Qare
849 2383 888 2430 ii,
919 2383 988 2436 qui
1004 2385 1140 2422 Artem
1164 2385 1275 2424 initio
1296 2401 1388 2426 con·

82 2444 265 2486 diderunt
288 2457 337 2481 ex
366 2443 510 2481 ufitatis
536 2443 700 2481 maxime
723 2442 816 2481 cibis
843 2443 990 2494 copiam
1014 2443 1181 2494 primum
1210 2446 1388 2486 detraxe-

81 2515 187 2551 runt,
218 2515 254 2541 et
272 2516 344 2554 pro
365 2502 496 2541 multis
515 2516 657 2554 paucos
679 2501 912 2541 statuerunt:
935 2501 1156 2542 sorbitiones
1177 2503 1385 2544 iteminve-

81 2574 238 2610 nerunt,
264 2562 406 2614 quibus
430 2564 600 2600 valentes
616 2562 718 2599 cibos
739 2561 943 2610 diluerent,
969 2564 1106 2615 easque
1124 2563 1383 2603 imbecilliori—

79 2625 152 2664 bus
166 2623 378 2661 dederunt:
415 2622 549 2660 confer
566 2619 680 2660 etiam
700 2621 832 2661 Pluth.
851 2623 992 2677 Simpqs.
1011 2623 1065 2664 V.
1092 2622 1230 2676 Quaest.
1246 2622 1300 2662 iv.

112 2714 117 2717 ,
152 2687 173 2710 4
198 2685 260 2721 De
278 2683 368 2732 Rep.
384 2682 494 2720 Dial.
521 2680 596 2720 HI.

151 2744 282 2792 Vor..
309 2742 376 2792 II.
776 2741 820 2788 G
1238 2740 1368 2790 dica-
