1871 3211
432 241 496 288 60
687 237 803 289 DE
857 238 1475 288 VIT.PERIOD.

465 373 588 429 hors,
611 388 811 436 quorum
839 371 883 418 in
909 370 1081 434 septico
1106 371 1339 434 principio
1359 371 1473 417 ratio
1500 368 1771 419 universim*

462 461 670 510 putatur,
711 448 882 493 multos
907 447 1039 508 gravi
1066 445 1351 501 infirmitate,
1377 459 1422 491 et
1448 441 1596 491 morte
1633 459 1750 490 non-

464 537 725 584 numquam
766 520 994 566 mulCtant
1018 538 1029 566 :
1098 535 1204 581 quae
1244 518 1362 564 ratio
1409 518 1618 566 similiter
1656 532 1753 563 rna·

461 594 763 656 lignantium,
803 591 1207 656 petechisantiurn‚
1249 605 1297 638 et
1338 589 1636 636 nervosarum
1682 587 1753 635 fe—

465 668 635 723 brium,
671 666 921 713 univerfim
944 666 1032 712 effe
1059 664 1274 711 creditur.
1346 664 1538 719 Contra,
1564 661 1755 710 Tertia-

466 757 542 788 nae
567 755 612 788 et
686 753 885 786 nartanae
908 756 989 802 per
1019 752 1273 785 extremam
1299 738 1519 792 aestatern,
1563 750 1755 784 autum·-

465 830 676 877 numque
717 813 810 858 fere
856 826 1006 860 totum
1049 812 1290 867 invadunt,
1347 810 1663 873 plurimosque
1707 809 1777 859 idi.

465 899 650 948 tempus
676 885 1008 936 Asciticorum,
1054 883 1487 940 Asthmaticorurn,
1512 896 1557 929 et
1576 883 1757 929 chroni-

466 975 631 1006 corum
655 957 906 1004 universim
930 957 1205 1003 morborum
1231 957 1344 1001 fines
1370 956 1522 1010 affert,
1550 971 1754 1017 quorum

466 1031 544 1076 alii
571 1025 649 1076 aut
672 1042 821 1075 morte
845 1028 1085 1083 finiuntur,
1112 1029 1186 1074 alii
1212 1044 1323 1074 vero
1349 1028 1394 1072 in
1420 1040 1621 1073 mortem
1645 1042 1756 1088 pro-

470 1103 646 1164 peranti
673 1101 842 1151 incessu
879 1100 1204 1153 contendunt3
1242 1114 1294 1146 ut
1325 1099 1668 1161 vegetabilium
1708 1112 1757 1146 et

468 1175 743 1220 animalium
768 1173 894 1220 Vitae
933 1172 1075 1218 iidem
1095 1172 1309 1234 proxime
1331 1172 1515 1219 termini
1535 1189 1559 1218 a
1575 1173 1760 1220 Natura

468 1246 702 1295 constituti
729 1259 997 1308 appareant.
1040 1248 1108 1291 At
1133 1245 1297 1291 hiemis
1322 1246 1527 1292 maxime
1553 1244 1655 1291 sunt
1674 1246 1756 1291 In-

466 1318 762 1368 flammatorii
810 1317 979 1372 morbi,
1034 1330 1080 1362 et
1124 1316 1307 1364 fincerae
1340 1319 1569 1366 viscerum
1608 1318 1756 1364 Phlo-

469 1391 618 1454 goses,
666 1405 772 1454 quae
807 1405 887 1452 per
911 1389 956 1435 id
995 1402 1179 1452 ternpus
1205 1389 1402 1436 feliciter
1426 1390 1568 1437 sanari
1592 1388 1755 1448 solent,
1864 1415 1871 1467 3

468 1478 632 1512 contra
655 1480 798 1527 quam
829 1463 988 1510 medio
1025 1479 1132 1509 vere
1158 1478 1235 1509 aut
1271 1464 1443 1521 aestate,
1476 1464 1606 1527 quasi
1626 1465 1756 1528 quod

466 1538 658 1600 congrui
685 1537 857 1600 quique
882 1553 989 1582 curn
1010 1535 1087 1582 suo
1107 1537 1234 1582 Anni
1261 1550 1470 1600 tempore
1491 1537 1662 1594 morbi,
1682 1537 1754 1584 sa-

467 1612 715 1658 nabiliores
748 1609 888 1655 etiam
936 1609 1050 1663 smt3
1106 1610 1234 1672 quod
1277 1612 1334 1657 ab
1381 1610 1570 1658 eruditis
1611 1611 1755 1674 longa

467 1688 734 1754 praxiViris
758 1703 850 1733 non
876 1686 1013 1733 semel
1036 1687 1314 1738 audivimus«

537 1852 614 1883 12.
664 1834 764 1882 Alii
816 1833 964 1894 rursus
1011 1833 1160 1880 morbi
1211 1834 1399 1898 propius
1448 1833 1630 1879 solstitia
1677 1846 1756 1880 aut
1791 1875 1795 1884 ,

453 1906 743 1974 ’ςεςυῑηοξῒῐτὶ
763 1910 1029 1971 sequuntur,
1067 1907 1328 1971 cujusmodi
1350 1907 1626 1970 plerumque
1655 1907 1755 1954 Co-

466 1985 669 2036 mitiales,
694 1983 905 2039 affeetus³
933 1998 978 2028 et
995 1982 1275 2046 Apoplexiae
1302 1983 1389 2028 effe
1406 1981 1627 2038 feruntur,
1666 1999 1757 2031 une

469 2059 527 2104 de
553 2071 680 2109 natas
705 2055 898 2103 fortasfis
923 2054 1111 2119 majales
1138 2071 1266 2110 curas
1298 2071 1447 2117 nuper
1471 2054 1645 2100 censuit
1680 2056 1754 2115 111,

470 2133 695 2193 Guarin⁵.
715 2134 781 2178 At
799 2130 1011 2193 quidem,
1033 2147 1141 2191 curn
1155 2130 1353 2177 solstitiis
1375 2142 1452 2175 aut
1466 2130 1758 2194 aequimffiiiis

466 2205 774 2261 vertentibus,
814 2204 906 2249 fere
933 2204 1258 2265 tempestatum
1283 2202 1600 2262 conyerfiones
1625 2216 1758 2265 nota·

469 2280 515 2324 bi
521 2279 657 2325 liores
681 2277 909 2332 accidant,
951 2277 1138 2339 plurimi
1163 2275 1367 2322 similiter
1392 2275 1471 2321 sub
1493 2275 1561 2322 his
1586 2276 1754 2324 diebus

469 2342 621 2404 morbi
670 2366 900 2407 curantur,
947 2367 1148 2414 quorum
1193 2350 1325 2413 origo
1366 2349 1414 2395 in
1460 2332 1754 2397 antecedenti

469 2427 660 2480 lolstitio
698 2440 775 2472 aut
821 2424 1104 2489 ἐᾳυὶηοξὶίο
1149 2423 1252 2481 fuit,
1302 2422 1473 2486 aliique
1520 2423 1661 2470 etiarn
1696 2422 1757 2469 de
1784 2452 1787 2454 -

582 2623 594 2646 ⁵
630 2617 795 2666 Apimacl.
816 2619 944 2656 Praffff,
964 2621 999 2655 in
1018 2618 1098 2655 div.
1120 2615 1241 2654 Morb.
1260 2616 1300 2654 de
1316 2617 1487 2668 Apoplcx.
1506 2624 1581 2668 cap.
1600 2613 1632 2666 if·

1631 2695 1759 2727 HOVO
