1871 3211
453 277 541 310 100
677 263 791 311 DE
850 263 1031 311 VIT.
1094 263 1482 312 PERIOD.

447 411 555 446 nam
580 411 605 447 a
629 396 867 447 voluntate
894 397 1095 444 cauffam
1121 396 1313 453 habent,
1352 408 1573 458 tantaque
1598 393 1732 449 fimul

449 487 557 517 cum
594 472 787 528 caeteriS‚
813 473 938 519 unde
969 473 1150 536 reliqua
1187 472 1232 517 in
1268 471 1454 517 Mundo
1491 483 1734 533 reguntur,

449 548 626 602 cauffis,
671 547 968 608 periodorum
1003 545 1342 592 communitate
1359 543 1638 606 junguntur,
1680 554 1736 588 ut

449 620 702 681 quaerenda
722 620 767 665 in
794 620 861 666 his
888 620 1087 666 maxime
1109 619 1294 665 illorum
1315 618 1450 679 origo
1471 618 1558 662 esse
1577 616 1734 662 videa-

445 703 535 738 tur.
606 691 782 757 Rursus
808 692 949 739 etiam
975 693 1019 738 in
1047 691 1101 738 iis
1130 691 1345 738 vitalium
1371 702 1592 736 motuum
1622 704 1735 734 con-

444 767 747 823 versionibus,
773 784 878 830 quae
903 785 928 812 a
953 767 1102 812 libero
1129 766 1377 812 hominum
1412 763 1593 811 delec⁶tu
1621 778 1737 824 pen-

446 839 574 894 dent,
594 841 852 886 videndum
877 841 956 895 est,
977 857 1032 886 an
1060 857 1150 885 non
1168 839 1374 886 fimiliter
1393 855 1550 884 earum
1569 837 1737 899 aliquae

444 929 633 977 propter
656 914 941 959 mechanicae
965 912 1221 976 cujuspiam
1263 913 1428 958 cauffae
1469 912 1736 958 concurlio-
1758 904 1762 907 ⁴

446 1003 554 1031 nem
595 989 724 1042 fiant,
766 987 857 1032 slve
881 987 1009 1049 quod
1045 987 1125 1032 ista
1165 985 1411 1031 hominum
1448 984 1737 1030 voluntatem

444 1060 546 1121 post
565 1060 605 1105 se
623 1063 784 1114 trahat,
813 1062 903 1106 slve
929 1061 1059 1123 quod
1084 1076 1137 1106 ea
1160 1059 1319 1123 potius
1342 1059 1492 1116 amice
1519 1075 1627 1115 cum
1651 1057 1736 1114 ho-

445 1135 628 1183 minum
655 1136 898 1182 voluntate
923 1134 1148 1198 conjuret.

514 1299 560 1331 2.
599 1285 829 1331 Praeterea
848 1299 957 1329 cum
977 1282 1168 1345 plurimi
1191 1284 1477 1329 Morborum
1498 1280 1736 1337 circuitus,

446 1370 572 1401 certa
612 1356 811 1401 habe-ant
855 1356 971 1400 intra
1010 1354 1152 1409 diem,
1193 1366 1247 1398 -et
1284 1353 1377 1399 fere
1416 1353 1498 1399 fibi
1535 1353 1738 1415 propria,

448 1432 776 1484 acceffionum,
827 1442 871 1474 et
923 1428 1243 1474 reversionum
1291 1441 1524 1490 tempora,
1585 1425 1736 1490 cujus-

447 1501 577 1548 modi
606 1502 825 1564 exemplo
851 1500 954 1547 sunt
995 1501 1350 1547 intermittentes
1377 1501 1545 1556 febres,
1590 1500 1739 1564 poda-

448 1575 683 1638 gricorum
712 1577 839 1630 item,
888 1588 933 1622 et
958 1575 1341 1629 asthmaticorum
1368 1574 1581 1629 insultus,
1619 1575 1739 1621 alio-

448 1666 646 1712 rumque
695 1649 876 1712 insuper
924 1651 1213 1709 morborum,
1269 1651 1351 1714 qui
1397 1650 1644 1705 diuturniS,
1692 1664 1740 1696 et

449 1722 657 1786 repetitis
682 1722 954 1784 paroxismis
975 1723 1199 1784 constant,
1228 1723 1436 1786 sequitur
1455 1736 1506 1782 ut
1532 1723 1575 1769 in
1603 1740 1739 1786 mag-

451 1813 509 1841 na
551 1793 777 1857 ejusmodi
820 1796 1119 1860 periodorum
1158 1797 1470 1853 universitate,
1504 1797 1737 1856 universa-

450 1869 544 1914 lem
571 1867 777 1913 similiter
802 1870 1018 1923 cauffam,
1061 1868 1090 1914 si
1117 1870 1309 1931 quidem
1329 1869 1537 1932 possibile
1562 1868 1640 1925 est,
1667 1869 1739 1916 in-

450 1942 711 1996 veniamus,
773 1958 880 2003 quae
922 1956 967 1988 et
1014 1942 1203 2004 singulis
1249 1944 1422 2006 pariter
1468 1943 1738 1990 hominibus

453 2029 711 2079 competat,
768 2034 919 2081 neque
976 2018 1034 2065 ab
1094 2019 1399 2079 intercedenti
1439 2019 1741 2078 diverfiffimo

451 2090 783 2152 aegritudinum
824 2092 1072 2155 principio,
1121 2105 1167 2138 et
1203 2109 1229 2138 a
1276 2093 1407 2150 vario
1449 2093 1739 2153 decumben-

452 2165 570 2229 tium
594 2164 824 2229 regimine
850 2178 1071 2223 mutetur.

519 2328 565 2373 3.
602 2313 992 2377 Antiquiffimum
1015 2312 1224 2378 profecto
1249 2311 1294 2358 in
1315 2312 1561 2368 Medicina
1584 2314 1737 2362 obser-

454 2384 696 2430 vationum
739 2403 901 2447 genus,
939 2386 1175 2450 quodque,
1223 2383 1298 2430 seu
1345 2385 1402 2430 ab
1441 2385 1738 2448 Hippocrate

453 2456 732 2520 profectum,
773 2460 880 2515 five,
942 2459 1070 2525 quod
1117 2457 1377 2504 verosimile
1418 2458 1500 2517 est,
1538 2456 1739 2523 jamque

454 2544 560 2597 ante
587 2530 931 2592 Hippocratem
957 2533 1002 2580 in
1031 2531 1274 2580 Medicina
1287 2530 1576 2594 usurpatum,
1605 2535 1736 2581 nulla

453 2619 682 2666 umquam
694 2617 836 2660 >aetate
862 2606 1049 2653 interiit.
1121 2603 1356 2667 Qamvis
1380 2605 1552 2668 etenim
1579 2604 1744 2662 multi,

456 2693 502 2746 qt
529 2677 663 2746 piane
682 2676 873 2738 plurimi
899 2678 1017 2726 inter
1043 2677 1283 2749 Medicos,
1320 2677 1400 2739 qui
1426 2677 1587 2742 multis
1610 2664 1734 2725 retro

1348 2754 1351 2755 ⁷
1562 2749 1740 2803 saeculis
