1871 3211
482 256 572 305 192
724 240 838 288 DE
895 240 1530 290 VIT.PER10D.

475 374 709 421 diuturnae
728 374 1083 438 suppurationes
1103 374 1221 422 tabis
1240 375 1431 432 nuntiae,
1450 388 1612 421 eorum
1633 371 1765 419 evul-

475 450 647 499 fionem
672 449 944 515 sequuntur.
973 453 1095 515 Qae
1118 452 1393 499 morborum
1411 466 1581 514 genera
1599 448 1764 495 crebro

1621 534 1765 569 etlam

464 708 621 756 minare,
642 720 768 760 neque
793 709 832 748 in
858 711 961 748 lenta
984 708 1095 746 nimis
1115 710 1312 749 curatione
1346 723 1492 762 aegrum
1522 708 1769 747 consumere:

462 769 702 819 potiflimum,
720 782 821 814 cum,
843 780 1033 819 quantum
1050 769 1204 818 propria
1223 770 1461 819 experientia
1473 767 1629 820 profeci,
1645 779 1773 818 parvae

462 839 688 877 magnorum
700 826 928 863 abscessuum
943 825 1156 872 incisiones,
1173 828 1277 877 quod
1294 829 1467 864 crebram
1480 828 1773 865 medicationem

462 887 665 938 postulent,
686 887 773 935 plus
795 899 837 922 ea
854 895 1010 936 propter
1028 884 1068 922 in
1087 886 1120 922 se
1136 885 1299 936 periculi
1319 887 1498 924 habeant.
1556 889 1689 935 Qare
1708 887 1772 924 ab-

462 946 618 985 sceffum
644 957 691 981 ex
711 944 864 995 integro
884 958 1060 991 vacuare,
1083 945 1195 982 modo
1215 959 1291 983 non
1310 945 1426 982 nimia
1454 945 1497 982 sit
1523 945 1645 994 copia,
1678 959 1772 994 prae-

461 1004 630 1043 stabilius
653 1004 798 1054 judico,
831 1016 913 1043 tum
934 1005 1051 1055 probe
1068 1006 1252 1044 mundato
1265 1007 1394 1044 ulcere
1418 1003 1690 1056 diligentiffime
1709 1003 1773 1043 de-

460 1064 593 1115 ligare,
615 1073 651 1100 ct
672 1078 790 1115 quam
811 1064 892 1101 sero
911 1064 1076 1115 poflibile
1097 1064 1159 1111 est,
1188 1065 1287 1102 illud
1312 1065 1437 1102 denuo
1457 1077 1624 1102 movere.
1682 1063 1775 1111 Qa

460 1125 608 1165 ratione
639 1124 677 1161 id
696 1139 815 1176 genus
836 1136 1080 1177 aegrotanteS,
1102 1124 1171 1177 qui
1191 1125 1341 1176 copiosa
1373 1123 1516 1162 alicubi
1547 1120 1773 1175 purulentia

458 1186 750 1233 contabuerant,
768 1186 973 1237 ancipitem
990 1184 1154 1236 experiri
1173 1186 1409 1224 curationem
1432 1187 1619 1231 volentes,
1650 1195 1777 1234 neque

460 1246 561 1283 enim
576 1260 708 1284 corum
729 1246 898 1297 aliquem
915 1258 1098 1296 umquam
1120 1244 1278 1282 arbitrio
1298 1259 1382 1282 meo
1401 1243 1547 1290 curavi,
1572 1253 1638 1281 aut
1651 1255 1767 1291 curas

462 1318 571 1343 turus
586 1306 681 1351 sum,
694 1306 740 1343 ad
751 1305 945 1343 sanitatem
962 1304 1174 1355 aliquando
1185 1304 1362 1354 perduxi,
1374 1305 1475 1342 inter
1488 1317 1585 1355 quos
1598 1317 1685 1341 eum
1700 1298 1771 1353 qui

461 1364 501 1401 in
524 1363 757 1402 Fen-ariense
772 1363 1048 1402 Nosocomium
1066 1364 1355 1413 chlriguat-d0,
1375 1363 1402 1400 F
1405 1362 1599 1400 errarienfi
1609 1361 1765 1412 oppido,

459 1424 717 1475 superioribus
739 1425 845 1462 annis
868 1423 988 1462 venit.
1044 1425 1096 1460 At
1118 1433 1217 1460 certe
1240 1423 1312 1460 slve
1328 1425 1534 1461 vulnerum
1566 1423 1642 1460 five
1663 1425 1766 1462 ulce-

460 1495 545 1523 rum
564 1497 642 1531 ora,
659 1485 772 1521 modo
785 1498 859 1521 non
879 1483 1003 1521 debite
1024 1484 1328 1529 committantur,
1348 1483 1389 1520 fit
1400 1482 1631 1533 purulentiae
1650 1484 1770 1531 locus,

461 1555 588 1595 neque
608 1543 756 1580 offcnsae
771 1552 911 1592 partes,
927 1551 963 1578 et
982 1554 1069 1592 quae
1084 1540 1140 1577 his
1153 1539 1338 1590 proximae
1352 1542 1454 1588 sunt,
1469 1541 1771 1580 inflammatione

460 1610 499 1638 et
523 1602 654 1638 dolore
673 1611 823 1637 vacant.
878 1601 1060 1650 Qorum
1075 1598 1246 1636 omnium
1266 1600 1390 1637 cauffa
1408 1598 1570 1637 dicenda
1590 1599 1683 1638 mihi
1708 1599 1773 1639 est.

462 1659 563 1697 Puto
582 1658 682 1696 enim
702 1658 885 1709 ejusmodi
900 1657 997 1695 cutis
1019 1657 1273 1695 ulcerationes
1288 1658 1366 1695 fere
1387 1671 1505 1696 novas
1525 1658 1770 1710 dephlogisti-

459 1719 620 1757 cationis
640 1718 719 1756 vias
756 1720 838 1765 effe,
873 1720 976 1755 unde
1006 1731 1143 1768 magna
1171 1717 1342 1755 animalis
1377 1717 1592 1768 mephitidis
1619 1719 1773 1757 caloris·

460 1792 537 1829 que
558 1779 661 1815 Vitte
682 1792 768 1827 pars
795 1778 1031 1814 excluditur.
1087 1778 1206 1826 Qod
1223 1777 1290 1814 ubi
1307 1775 1507 1827 aliquanto
1526 1777 1568 1814 fit
1587 1788 1771 1828 tempore,

453 1835 610 1887 jamque
641 1836 718 1872 fere
744 1835 920 1885 quaedam
950 1832 1174 1870 irritationis
1210 1845 1275 1870 aut
1309 1833 1554 1871 excitamenti
1575 1846 1707 1873 centra
1723 1835 1765 1873 in

460 1898 505 1936 iis
524 1895 694 1932 constant
714 1894 821 1940 locis,
848 1894 887 1930 in
907 1906 1030 1944 eaque
1050 1891 1335 1942 superexposita
1354 1892 1554 1944 principia,
1570 1895 1657 1944 plus
1677 1907 1767 1931 con-

459 1957 568 1994 tinuo
589 1966 749 2005 urgente
783 1954 935 1991 stimulo
966 1951 1240 1989 concitantur:
1271 1950 1489 2003 exindeque
1519 1952 1768 1991 inflammatio

458 2016 594 2061 oritur,
610 2014 685 2051 sola
700 2012 837 2050 visibili
852 2013 1012 2049 flammae
1027 2010 1293 2057 illustratione,
1313 2011 1360 2048 ab
1380 2010 1562 2062 ignitione
1580 2011 1767 2052 distinsta.

459 2076 574 2114 Certe
592 2085 729 2125 praetcr
758 2073 1038 2111 intenfiffimum
1061 2072 1202 2110 affeetae
1230 2071 1346 2122 partis
1367 2072 1546 2119 calorem,
1576 2073 1772 2111 ruborem-

459 2151 534 2189 que
553 2134 757 2187 ignescenti
784 2134 886 2171 ferro
925 2132 1099 2183 proxime
1132 2131 1440 2182 comparabilem,
1462 2131 1722 2179 inflammatio,
1741 2133 1767 2171 fi

460 2211 537 2235 non
558 2196 684 2241 cessat,
714 2193 777 2231 dat
798 2207 956 2245 quoque
979 2206 1077 2230 verae
1097 2191 1294 2242 ignitionis
1315 2192 1517 2239 refiduum,
1539 2205 1668 2230 veram
1687 2205 1767 2230 car-

459 2254 788 2300 bonificationem,
815 2266 1075 2304 gangraenam,
1098 2251 1265 2289 fimiliter
1288 2262 1404 2303 atque
1421 2251 1458 2288 in
1475 2253 1648 2289 oleorum
1665 2265 1769 2290 com-

458 2316 643 2362 bustione,
669 2313 921 2365 fuliginosum
951 2313 1184 2365 principium
1200 2311 1376 2362 superest,
1398 2326 1520 2363 eoque
1548 2314 1649 2362 plus,
1683 2327 1765 2364 quo

458 2384 633 2426 prompta
670 2374 810 2419 minus,
847 2386 885 2412 et
921 2372 1111 2411 difficilior
1149 2370 1287 2423 ignitio
1318 2372 1496 2410 succeffit.
1553 2371 1613 2409 Sic
1626 2412 1636 2416 ,
1649 2372 1764 2410 etiam

459 2432 674 2471 cachetstica
703 2447 875 2484 corpora,
915 2446 1081 2484 quorum
1116 2430 1253 2469 minus
1276 2430 1416 2468 sincera
1435 2429 1682 2469 inflammatio
1700 2430 1763 2478 est,

458 2493 544 2542 plus
560 2492 730 2529 {imiliter
749 2493 897 2543 peffimo
922 2493 1025 2539 tabo,
1055 2502 1092 2529 et
1111 2503 1317 2542 gangraena
1347 2489 1546 2528 vitiantur.
1600 2490 1653 2528 At
1672 2503 1764 2529 vero

459 2562 566 2590 tanto
595 2552 732 2589 caloris
752 2541 854 2590 Vitae
873 2554 1018 2603 impetu
1053 2552 1093 2590 in
1119 2565 1202 2589 eam
1229 2551 1265 2588 sc
1291 2562 1438 2600 partem
1472 2551 1665 2599 fundente,
1699 2564 1762 2589 ne-

456 2613 549 2652 ccsse
571 2612 633 2659 est,
669 2616 866 2664 um‘laqfitm
885 2614 991 2651 iilam
1015 2625 1051 2652 et
1069 2615 1317 2665 balsamitam,
1340 2626 1456 2663 quam
1490 2613 1561 2652 rite
1596 2613 1759 2650 Veteres

455 2672 766 2722 nominaverunt,
783 2673 956 2711 animalis
990 2673 1099 2712 mixti
1132 2671 1442 2723 compositionem
1471 2670 1674 2722 corrumpi,
1695 2670 1763 2708 Vi-

1636 2742 1763 2784 taeque
