1871 3211
360 215 1073 265 SANORUM.
1314 234 1372 282 13

71 368 180 416 quae
204 351 338 400 nobis
362 360 591 414 perpetuo
626 348 985 405 interlabuntur,
1012 347 1267 411 plurimam
1301 367 1375 397 re-

72 444 176 475 rum
203 425 440 481 omnium,
483 441 594 488 quae
619 425 678 471 ad
702 423 813 470 vitae
846 423 951 470 usus
981 423 1235 486 pertinent,
1271 441 1376 470 mo-

8 497 9 501 *
73 501 309 548 bilitatem
334 500 575 556 efficiant3
622 499 885 546 curandum
923 512 1084 545 tamen
1123 499 1213 545 esse
1251 499 1378 544 arbi-

66 588 185 631 -tror,
207 589 261 622 ut
286 574 595 623 inconstantes
616 574 761 620 etiam
787 573 975 620 tendere
1002 573 1048 618 in
1070 571 1380 618 constantiam

67 648 333 707 videamur,
381 649 515 713 quod
555 647 828 695 hominibus
875 646 1012 702 ratio,
1075 644 1225 692 brutis
1266 661 1381 692 vero

68 723 253 771 Natura
271 724 436 771 dictat.
500 723 639 769 Certe
663 721 830 768 nullibi
850 721 998 776 utilis,
1034 718 1189 766 facilis
1217 733 1380 766 muta-

63 795 244 855 bilitas,
287 799 370 845 vix
418 797 664 844 hominum
715 795 849 842 saluti
898 795 1125 859 proderit,
1176 811 1382 859 quorum

67 873 252 921 animos
289 886 520 938 perpetua
556 871 842 936 aegritudine
889 870 1122 918 consumit
1143 890 1155 919 ;
1218 883 1384 917 contra

67 940 204 1006 vero,
226 963 370 1012 quam
398 948 622 1012 praeclara
646 947 708 994 est
725 946 1022 1011 aequabilitas
1049 946 1095 993 in
1114 946 1242 993 omni
1264 945 1380 1001 vita,

66 1035 214 1083 quam
239 1021 488 1068 laudabilis
511 1036 559 1070 et
585 1022 757 1068 decora
780 1021 827 1066 in
852 1020 1047 1082 singulis
1089 1020 1374 1076 aetionibus,

69 1111 180 1157 quae
200 1111 310 1141 cum
335 1095 530 1142 honesto
549 1096 662 1142 vitae
685 1095 893 1141 instituto
908 1093 1192 1157 junguntur.
1232 1095 1377 1141 Certe

71 1170 329 1227 Monachi‚
370 1169 622 1232 caeterique
636 1186 822 1226 omnes,
848 1186 1055 1233 quorum
1080 1169 1287 1216 maxime
1311 1185 1382 1215 re-

71 1243 247 1305 gularis
264 1244 376 1289 vitae
391 1243 507 1287 ordo
521 1242 598 1298 est,
612 1243 869 1288 intermiss'o
885 1243 1108 1304 quamvis
1126 1243 1379 1305 aliquando

66 1329 261 1378 propter
277 1315 444 1362 civiles
464 1317 775 1371 neceffitates,
798 1316 990 1379 proprio
1010 1314 1379 1372 exercitationis,

70 1400 118 1434 et
144 1385 339 1433 vivendi
367 1402 554 1449 genere,
583 1385 800 1449 prospere
831 1387 914 1432 diu
940 1386 1127 1443 vivunt,
1167 1388 1381 1434 firmam-

77 1477 170 1524 que
193 1477 292 1524 prae
317 1460 495 1507 caeteris
515 1460 835 1510 valetudinem
855 1460 1108 1507 universim
1124 1460 1316 1508 habent.

149 1618 226 1665 13.
266 1604 387 1650 Sunt
428 1618 543 1649 vero
584 1615 630 1650 et
659 1602 738 1649 alii
775 1604 913 1666 plane
939 1603 1069 1667 quasi
1111 1616 1274 1651 natura
1307 1603 1386 1651 sua

68 1677 422 1733 -immethodici,
485 1693 693 1741 quorum
734 1691 978 1742 propterea
1027 1677 1384 1726 inconstantissi-

67 1767 185 1798 vmus
223 1753 412 1800 animus
444 1753 550 1816 plus
587 1752 737 1800 adhuc
770 1753 1045 1800 inconstanti
1088 1770 1284 1817 corpore
1310 1754 1384 1800 in·-

74 1828 317 1877 cluditur:
386 1828 604 1892 exemplo
651 1828 756 1874 sunt
804 1828 1237 1892 Hipochondriaci,
1288 1829 1383 1877 &a

72 1906 143 1951 At
161 1902 208 1949 hi
233 1904 428 1968 quidem
455 1904 619 1951 misere
643 1905 826 1960 vivunt,
868 1919 913 1951 et
939 1904 1124 1950 adversa
1150 1904 1384 1967 perpetim

79 1978 350 2026 valetudine
389 1979 682 2035 consternati,
722 1979 1007 2025 miserabiles
1045 1977 1246 2025 levitatis
1273 1978 1382 2034 suae,

81 2065 129 2098 et
161 2053 499 2100 mutabilitatis
542 2069 708 2117 poenas
733 2054 886 2108 luunt,
937 2066 991 2099 ut
1039 2052 1384 2099 illachrimandi

80 2126 241 2188 potius
265 2142 411 2189 quam
448 2126 660 2173 moribus
695 2126 970 2189 coaequandi
996 2126 1084 2172 effe
1120 2126 1380 2173 videantur,

74 2201 173 2248 illis
202 2201 300 2257 Sol,
325 2196 484 2256 Luna,
531 2201 732 2256 nebfflae,
775 2201 926 2257 venti,
975 2199 1214 2265 quidquid
1247 2200 1386 2248 deni-

73 2290 174 2338 que
200 2274 246 2319 in
271 2275 450 2321 mundo
475 2274 556 2331 est,
595 2273 716 2321 saevo
741 2274 1050 2322 dominantur
1074 2273 1294 2337 imperio,
1332 2286 1387 2320 ut

83 2348 365 2394 reluctantes
389 2347 590 2412 semper,
635 2348 914 2412 semperque
952 2350 996 2396 in
1035 2349 1388 2396 obhedientiam

80 2421 247 2476 comiti,
303 2434 534 2484 perpetuo
574 2421 806 2469 sexcentis
862 2421 942 2469 sub
998 2421 1207 2470 dominis
1254 2420 1386 2468 stent.

82 2498 247 2562 Qam
271 2497 334 2542 ob
361 2497 563 2542 caussam
590 2497 637 2543 in
670 2497 1058 2560 perturbationes,
1100 2495 1383 2543 exanimati-

81 2587 213 2625 ones,
265 2584 312 2616 et
354 2569 640 2627 festivitates,
688 2572 767 2619 vix
802 2572 1064 2638 quidquam
1107 2572 1165 2618 ad
1203 2571 1389 2618 decoris

82 2636 486 2685 conservationem
526 2639 687 2686 attenti
720 2639 750 2686 ii
776 2640 835 2687 de
859 2654 1049 2703 repente
1075 2639 1308 2693 incidunt,
1333 2651 1385 2683 ut

214 2730 233 2759 1
1240 2713 1384 2760 etiam
