1871 3211
473 254 540 294 44
707 237 822 284 DE
878 236 1060 286 VIT.
1119 234 1558 284 PERIOD.¹

471 367 563 414 ruit
607 369 732 416 enim
769 386 863 433 qua
901 383 1034 433 porta
1069 368 1223 427 datur,
1256 382 1478 433 tantaque
1503 361 1750 416 univerfim

472 441 534 488 est
574 443 619 489 in
656 442 838 506 reliquo
878 460 1069 506 corpore
1093 443 1217 490 Vitae
1253 443 1487 500 debilitas,
1525 457 1752 507 quantum

469 517 617 564 veluti
653 517 699 563 in
725 519 915 581 puncto,
952 519 997 565 in
1036 534 1131 581 quo
1169 518 1401 582 impetum
1448 517 1625 564 factura
1667 517 1748 573 est,

469 584 618 629 omnis
645 587 740 647 ejus
765 585 1010 632 enormitas
1035 586 1228 632 locatur.

539 755 582 802 ς.
621 741 817 804 Propter
839 758 965 804 quae,
1002 741 1207 788 {imiliter
1247 751 1385 803 atque
1421 739 1468 785 in
1507 738 1752 786 Foemina-

468 829 575 860 rum
599 815 845 870 menfibus,
873 831 965 861 non
989 815 1141 862 adhuc
1177 813 1241 860 sat
1265 814 1328 859 est
1352 812 1545 859 vitando
1568 812 1749 868 morbo,

468 886 501 931 si
526 885 752 949 suppressa
775 888 945 934 alicubi
969 888 1202 951 sanguinis
1244 887 1406 942 fluxio,
1449 887 1557 934 alibi
1599 885 1746 932 consi-

468 961 571 1006 mili
597 962 875 1024 quantitate,
908 976 953 1008 et
992 963 1112 1008 ultra
1150 962 1293 1008 etiam
1319 964 1492 1008 effluat.
1565 961 1642 1007 Sic
1668 961 1750 1008 ho-

468 1033 648 1079 minem
689 1050 745 1079 ex
791 1035 1118 1081 consuetudine
1159 1034 1350 1096 singulis
1394 1034 1629 1089 menslbus
1654 1034 1752 1080 hae-

467 1106 872 1162 morrhoidarium,
900 1123 1009 1153 cum
1029 1108 1181 1153 mense
1200 1122 1294 1153 uno
1314 1107 1528 1153 consueta
1553 1122 1751 1153 evacua-

467 1179 533 1225 ti0
570 1178 818 1235 defecisset,
861 1180 1021 1244 ingens
1069 1180 1222 1226 subito
1266 1180 1486 1243 corripuit
1531 1181 1750 1244 Epistafis

468 1253 595 1298 nulla
619 1252 887 1315 superabilis
915 1269 1038 1307 arte3
1083 1255 1232 1300 donec
1260 1258 1371 1312 Am.
1398 1254 1611 1302 Lusitani
1637 1270 1751 1301 con-

468 1326 567 1372 silio
589 1329 606 1350 ⁹
644 1328 799 1373 denuo
833 1328 1065 1374 concitato
1092 1328 1455 1375 haemorroidum
1481 1329 1628 1385 fluxu,
1672 1329 1751 1377 illa

467 1413 654 1462 repente
680 1399 923 1448 sanaretur.
996 1401 1072 1447 Sic
1100 1399 1264 1463 juveni
1304 1401 1478 1449 infelici
1503 1402 1754 1449 haeredita-

468 1488 514 1519 te
553 1475 611 1520 ad
654 1475 841 1522 Tabem
883 1489 930 1521 et
971 1476 1323 1538 Haemoptysim
1372 1476 1611 1538 disposito,
1656 1476 1748 1524 cri-

466 1548 560 1594 tica
579 1547 794 1611 Epistasis
819 1565 843 1594 a
867 1549 1053 1595 decimo
1077 1548 1203 1595 sexto
1226 1549 1282 1594 ad
1308 1549 1586 1611 vigefimum
1610 1550 1750 1612 quin-

466 1635 570 1668 tum
594 1637 767 1667 annum
791 1623 1135 1669 revertebatur:
1175 1622 1256 1668 sub
1276 1639 1479 1685 quorum
1513 1622 1748 1686 postremo

467 1710 576 1740 cum
601 1694 735 1742 solita
759 1695 969 1742 caruisset
994 1695 1118 1752 crise,
1151 1696 1473 1758 Haemophtoe
1509 1710 1747 1759 correptus

465 1768 544 1823 est,
570 1781 615 1814 et
639 1768 757 1814 secta
780 1769 825 1815 in
850 1785 1021 1815 vanum
1048 1786 1168 1816 vena
1193 1769 1352 1816 Tabes
1375 1770 1742 1832 adproperabat:

463 1844 647 1888 acceffit
692 1842 1086 1889 medicamentum
1134 1844 1361 1889 Naturae:
1410 1842 1628 1906 Epistafis
1670 1860 1742 1891 re-

464 1915 553 1961 diit
577 1917 627 1970 ¹⁰,
668 1928 715 1962 et
739 1915 917 1963 sanatus
937 1915 1014 1962 est.

529 2057 574 2102 6.
605 2056 774 2118 Neque
799 2071 950 2101 rarum
976 2054 1102 2100 estin
1130 2054 1307 2101 summe
1332 2055 1596 2117 periculolis
1617 2072 1741 2103 mor«

463 2130 547 2186 bis,
562 2146 615 2176 ne
633 2131 749 2176 dum
765 2144 901 2192 parce
914 2128 1189 2175 stillantibus
1206 2129 1644 2186 haemorrhoidibUS‚
1667 2132 1743 2177 led

463 2220 652 2266 quoque
685 2204 833 2250 solum
855 2203 1138 2258 dolentibus,
1174 2217 1364 2266 propter
1389 2203 1741 2252 consentaneam

462 2278 707 2338 aegrotanti
733 2276 1070 2331 habitudinem,
1099 2276 1352 2339 plurimam
1381 2276 1621 2324 sanationis
1646 2279 1739 2339 fig-

460 2350 774 2397 nificationem
803 2349 984 2396 afferri:
1016 2366 1108 2411 qua
1125 2350 1299 2396 ratione
1325 2350 1636 2412 Apoplectico
1656 2350 1737 2396 ho-

462 2415 576 2463 mini
618 2432 698 2462 nos
735 2416 849 2463 olim
900 2416 1095 2464 salutem
1142 2415 1438 2474 nunciaviffe,
1488 2416 1737 2480 valdopere

503 2601 519 2622 ⁹
547 2598 681 2635 Curat.
701 2610 736 2645 4.
756 2597 865 2635 Cent.
887 2600 955 2637 m.

508 2664 539 2685 ¹0
567 2657 678 2695 Conf.
703 2657 845 2696 YZeatr.
869 2658 992 2697 thxssl.

1580 2708 1734 2756 nobis-
