1871 3211
379 259 1081 334 SAN‘ORUM.
1316 297 1378 345 45

97 431 324 480 nobismet
348 426 566 493 gratulati
591 425 767 487 sumus.
817 424 1008 486 Nempe
1036 437 1128 469 non
1147 436 1204 467 ex
1231 437 1378 484 quan-

94 518 222 554 titate
259 516 485 557 materlel,
527 515 694 547 verum
733 514 790 544 ex
836 513 1038 544 maxime
1086 510 1379 542 convenienti

90 580 217 634 loco,
243 577 373 642 quod
391 575 712 639 Hippocrates
733 572 930 630 dixerat,
955 569 1184 634 ejusmodi
1209 571 1378 616 fluxio-

93 668 172 700 nes
195 652 420 699 aestimare
452 649 631 697 neceffe
662 646 757 694 est:
796 645 1078 692 conveniens
1103 660 1214 691 vero
1247 645 1380 691 locus

90 727 370 790 singularem
403 725 661 790 quamdam
707 735 754 769 et
790 720 1027 784 propriam
1070 719 1184 765 certi
1228 717 1380 781 cujus-

91 802 220 865 piam
245 800 408 865 organi
434 800 665 847 actionem
686 795 839 860 ponit,
876 811 982 859 quae
1007 793 1178 841 iterum
1198 793 1310 840 alias
1335 792 1380 838 in

89 876 360 924 consensum
397 889 552 934 vocat,
591 889 699 937 quae
724 871 755 917 si
779 871 984 918 maxime
1008 870 1119 916 dato
1144 884 1375 933 tempera—

90 965 252 999 mento
277 952 365 998 fint
388 967 625 1014 congruae,
662 947 909 994 minimum
935 945 1063 1010 quod
1087 946 1262 1000 effluat,
1302 958 1381 991 aut

89 1026 219 1088 quod
259 1025 511 1072 abscessum
551 1023 707 1080 faciat,
746 1020 941 1084 jamque
983 1035 1009 1064 a
1048 1018 1214 1064 morbo
1260 1017 1380 1064 libe-

94 1099 233 1147 rabit.

162 1264 209 1311 7.
245 1250 553 1313 Qamquam
589 1243 973 1298 evacuationum,
999 1257 1109 1304 quae
1147 1239 1207 1286 {ic
1242 1240 1378 1295 fiunt,

92 1335 306 1385 tempora
332 1319 568 1366 attendere
588 1317 800 1380 praestat:
830 1331 981 1377 neque
1006 1315 1130 1361 enim
1149 1314 1379 1360 defluxio-

92 1415 171 1446 nes
214 1414 271 1444 ex
305 1396 447 1444 solitis
489 1394 621 1450 locis,
670 1391 961 1439 sublevando
1010 1389 1114 1436 satis
1140 1389 1260 1447 sunt,
1299 1390 1379 1436 nisi

93 1472 234 1519 etiam
278 1469 466 1535 propria
507 1482 774 1531 temporum
820 1462 1124 1511 conformitas
1168 1464 1378 1510 accedat.

91 1545 179 1593 Eae
202 1558 404 1606 namque
428 1541 567 1596 statis,
593 1554 638 1586 et
663 1539 798 1587 certis
816 1535 1107 1599 temporibus
1131 1536 1380 1584 universim

91 1631 405 1675 revertuntur,
430 1628 476 1662 et
500 1615 696 1680 quidem
712 1612 938 1676 exquisite
964 1611 1095 1667 adeo,
1119 1624 1172 1656 ut
1192 1609 1253 1656 ad
1272 1609 1380 1656 diem

92 1691 383 1754 respondeant,
424 1708 529 1754 quae
557 1688 750 1736 Sthaalii
775 1687 1036 1734 observatio
1056 1691 1096 1732 ei
1136 1688 1198 1731 ¹¹:
1239 1686 1381 1732 inter-

90 1763 258 1811 mediis
297 1776 454 1810 autem
494 1762 805 1827 temporibus,
840 1761 982 1806 etiam
1018 1761 1136 1807 inter
1173 1759 1380 1805 occasio·

93 1837 220 1884 nales
278 1839 450 1885 caussas
507 1836 612 1883 satis
670 1833 947 1898 impetuosas
1002 1835 1134 1881 silent
1189 1846 1377 1879 tamen:

92 1911 243 1974 quod,
298 1929 390 1974 qua
424 1912 598 1959 constet
637 1909 833 1965 ratione,
884 1907 1075 1956 inferius
1124 1907 1380 1954 dicendum

94 1983 174 2029 est.

163 2134 208 2178 8.
247 2131 311 2177 Et
335 2129 558 2194 ejusmodi
581 2128 776 2194 quidem
810 2126 1165 2190 sanguinearum
1208 2127 1378 2174 fluxio-

96 2221 207 2251 num
232 2216 458 2267 tempora,
496 2218 753 2266 earumque
793 2216 1023 2264 imprimls
1057 2215 1195 2263 Juxta
1228 2200 1376 2246 varias

93 2291 251 2326 aetates
285 2277 558 2342 primordia,
591 2277 709 2340 saepe
733 2293 759 2323 a
784 2277 1064 2323 Parentibus
1103 2292 1183 2337 per
1220 2275 1378 2321 tradu-

94 2370 198 2400 cem
241 2353 287 2400 in
312 2354 455 2400 Filios
500 2369 592 2399 non
625 2351 874 2398 intermissa
913 2349 1194 2396 successione
1230 2350 1378 2413 porri-

94 2424 600 2490 gunturz'cuiusmodi
642 2426 688 2472 in
734 2424 1167 2472 Haemorrhoidario
1208 2426 1378 2471 morbo

95 2500 466 2548 communiffima
489 2499 693 2563 prostant
713 2501 944 2561 exempla.
1009 2500 1238 2546 Praeterea
1263 2499 1378 2563 Epi-

293 2752 296 2753 γ
365 2696 395 2714 '¹
425 2692 539 2732 Conf.
559 2694 673 2734 Path.
691 2694 793 2733 Now.
813 2692 1008 2745 Podagrae.

389 2778 400 2785 ‘
1232 2758 1380 2815 stases,
