1871 3211
447 314 536 374 178
676 311 792 360 DE
845 311 1030 358 VIT.
1089 308 1478 358 PERIOD.

441 460 578 502 voce,
624 459 770 506 prava
806 458 999 507 quoque
1040 442 1238 489 thoracis
1263 441 1412 490 forma
1449 441 1611 506 saepius
1650 456 1734 487 no-

443 529 615 566 tantur.

510 681 590 727 23.
627 665 736 725 Jam
769 679 882 710 vero
907 662 990 709 sub
1024 661 1327 718 increscente,
1353 677 1496 725 quem
1530 660 1737 707 diximus

442 737 569 785 Vitae
593 738 767 795 calore,
813 737 904 782 sive
942 734 1025 782 sub
1049 736 1218 781 ditiore
1261 734 1488 798 Principii
1532 735 1737 780 calorem

443 809 654 857 facientis
680 811 726 855 in
753 824 922 870 corpus
950 807 1281 870 resumptione,
1318 809 1413 854 duo
1438 810 1533 856 fieri
1561 808 1740 855 neceffe

436 881 620 946 judico,
698 897 737 927 1.
781 881 856 926 Ut
883 879 1091 942 corporis
1127 879 1315 924 habitus
1341 879 1590 926 universim
1615 883 1737 928 Hae-

445 955 767 1018 morrhagicus
803 955 898 1009 fiat,
950 953 1041 999 sive
1081 953 1386 1016 plethoricus,
1430 969 1519 999 non
1545 953 1742 1016 quidem

445 1042 638 1092 propter
679 1028 863 1074 auctam
906 1026 1159 1073 fluidorum
1199 1026 1408 1089 copiam,
1451 1027 1528 1074 sed
1554 1040 1746 1089 propter

447 1102 636 1147 illorum
674 1100 1015 1159 rarescentiam,
1051 1117 1108 1148 ex
1129 1102 1322 1162 spiritus
1359 1101 1575 1147 interioris
1611 1101 1744 1163 impe-

448 1185 538 1223 tum
553 1176 765 1237 facientis
793 1189 1036 1222 commota
1072 1174 1136 1222 vi.
1212 1190 1254 1221 2.
1348 1174 1461 1233 uod,
1509 1190 1618 1222 cum
1654 1175 1743 1222 Vi-

448 1263 508 1295 tae
556 1251 762 1296 calorem
811 1249 893 1296 sub
939 1248 1052 1295 stata
1106 1249 1212 1312 lege
1254 1249 1465 1296 custodiri
1513 1262 1747 1312 oporteat,

450 1324 579 1387 quod
623 1325 753 1371 aliter
777 1324 855 1370 vix
893 1339 1058 1384 graves
1092 1323 1243 1369 morbi
1280 1321 1580 1385 effugiantur,
1621 1323 1747 1386 jam-

450 1412 541 1459 que
566 1397 793 1444 uberioris
817 1396 1291 1459 dephlogisticationis
1317 1398 1549 1443 neceffitas
1586 1397 1749 1444 instare

452 1468 680 1532 incipiat:
718 1482 1057 1532 proptereaque
1087 1468 1330 1533 *quidquid
1377 1468 1620 1531 mephitici
1670 1483 1749 1516 aut

450 1543 715 1606 phlogistici
761 1542 806 1589 in
854 1558 1052 1605 corpore
1097 1543 1321 1598 abundat,
1362 1540 1562 1605 jamque
1609 1543 1655 1589 in
1695 1558 1748 1589 ea

452 1617 660 1663 maxime
694 1617 798 1662 loca
824 1616 997 1670 tendat,
1042 1631 1149 1677 quae
1190 1613 1374 1661 facilius
1415 1629 1604 1662 externo
1647 1632 1748 1663 aere

454 1702 887 1753 compenetrantur.
975 1688 1217 1752 Ejusmodi
1271 1702 1436 1751 praeter
1483 1689 1749 1738 universum

454 1765 660 1829 corporis
686 1765 932 1820 ambitum,
967 1765 1096 1828 quod
1118 1765 1352 1810 nonnullis
1378 1764 1600 1822 creditur,
1626 1782 1746 1830 quo-

454 1855 653 1902 rumque
680 1839 820 1884 fidem
850 1837 1117 1900 nuperrima
1143 1838 1299 1900 aliqua
1323 1852 1512 1900 augent,
1560 1840 1747 1901 pulmo·

455 1929 534 1960 nes
583 1911 812 1976 imprimis
855 1912 973 1968 sunt,
1017 1928 1219 1975 quorum
1259 1911 1526 1975 interposita
1569 1914 1751 1962 aftione

457 1986 642 2032 aristam
667 1986 870 2048 corporis
896 1984 1380 2048 pblogisticationem,
1415 1999 1460 2031 et
1485 1987 1748 2050 mephitim,

458 2060 607 2123 major
645 2061 922 2123 subsequens
942 2059 1347 2122 dephlogisticatio
1388 2074 1617 2124 coaequat.
1687 2064 1752 2110 Et

459 2135 566 2180 huic
585 2134 776 2197 quidem
806 2135 850 2178 in
879 2133 1058 2194 integra
1083 2132 1351 2178 valetudine
1366 2134 1468 2181 satis
1493 2136 1572 2191 est,
1594 2136 1756 2187 debita

459 2224 541 2269 per
565 2208 608 2253 id
635 2213 820 2270 tempus
843 2207 1060 2253 eveniens
1085 2206 1323 2269 pulmonis
1343 2209 1579 2270 expansio,
1607 2226 1753 2273 quam

464 2282 556 2343 ipsa
591 2283 684 2329 fere
729 2284 839 2329 illuc
884 2281 1115 2328 concitata
1152 2279 1302 2344 major
1332 2283 1619 2346 mephitidiS,
1662 2286 1755 2334 sive

462 2355 737 2415 fuliginoi‘ae,
764 2370 809 2402 et
837 2355 1083 2401 calorificae
1106 2354 1331 2412 materiei,
1352 2356 1647 2420 proindeque
1674 2375 1753 2406 ac-

463 2428 666 2474 tiviffimi
691 2429 920 2492 languinis
940 2429 1072 2491 copia
1097 2428 1323 2474 mollitur.

535 2582 609 2623 24.
653 2567 761 2622 Sed,
802 2583 928 2625 cum,
969 2584 1060 2615 non
1085 2579 1316 2629 quantum
1356 2566 1646 2629 oportuiffet,
1672 2583 1752 2613 ex·-

464 2641 605 2701 panso
643 2640 883 2702 pulmone,
932 2655 1009 2687 aut
1051 2640 1208 2702 aliquo
1250 2640 1384 2686 locali
1422 2639 1520 2703 ejus
1559 2640 1751 2686 actionis

467 2713 803 2776 impedimento
829 2726 1031 2769 extante,
1074 2713 1277 2759 multum
1311 2713 1462 2760 adhuc
1486 2713 1751 2759 inflamma-

1555 2784 1750 2831 bilitatis
