<?xml version="1.0" encoding="UTF-8"?>
<!DOCTYPE html PUBLIC "-//W3C//DTD XHTML 1.0 Transitional//EN"
    "http://www.w3.org/TR/xhtml1/DTD/xhtml1-transitional.dtd">
<html xmlns="http://www.w3.org/1999/xhtml" xml:lang="en" lang="en">
 <head>
  <title>
</title>
<meta http-equiv="Content-Type" content="text/html;charset=utf-8" />
  <meta name='ocr-system' content='tesseract 3.04.00' />
  <meta name='ocr-capabilities' content='ocr_page ocr_carea ocr_par ocr_line ocrx_word'/>
</head>
<body>
  <div class='ocr_page' id='page_1' title='image "./devitalibusperio02testuoft_0125.png"; bbox 0 0 1871 3211; ppageno 0'>
   <div class='ocr_carea' id='block_1_1' title="bbox 379 239 1380 291">
    <p class='ocr_par' dir='ltr' id='par_1_1' title="bbox 379 239 1380 291">
     <span class='ocr_line' id='line_1_1' title="bbox 379 239 1380 291; baseline 0.003 -3"><span class='ocrx_word' id='word_1_1' title='bbox 379 239 1084 290; x_wconf 83' lang='lat' dir='ltr'>CAUSSIS.</span> <span class='ocrx_word' id='word_1_2' title='bbox 1294 256 1380 291; x_wconf 71' lang='grc' dir='ltr'>ιιι</span> 
     </span>
    </p>
   </div>
   <div class='ocr_carea' id='block_1_2' title="bbox 86 371 1386 664">
    <p class='ocr_par' dir='ltr' id='par_1_2' title="bbox 86 371 1386 664">
     <span class='ocr_line' id='line_1_2' title="bbox 91 371 1382 439; baseline -0.001 -17"><span class='ocrx_word' id='word_1_3' title='bbox 91 390 177 423; x_wconf 88' lang='lat' dir='ltr'>nec</span> <span class='ocrx_word' id='word_1_4' title='bbox 217 373 345 439; x_wconf 85' lang='lat' dir='ltr'>pravi</span> <span class='ocrx_word' id='word_1_5' title='bbox 393 373 575 438; x_wconf 85' lang='lat' dir='ltr'><strong>aliquid</strong></span> <span class='ocrx_word' id='word_1_6' title='bbox 623 374 669 420; x_wconf 87' lang='lat' dir='ltr'>in</span> <span class='ocrx_word' id='word_1_7' title='bbox 709 373 750 419; x_wconf 89' lang='lat' dir='ltr'><strong>se</strong></span> <span class='ocrx_word' id='word_1_8' title='bbox 792 373 1002 421; x_wconf 83' lang='lat' dir='ltr'>habent:</span> <span class='ocrx_word' id='word_1_9' title='bbox 1042 372 1121 418; x_wconf 77' lang='lat' dir='ltr'>ista</span> <span class='ocrx_word' id='word_1_10' title='bbox 1158 371 1382 433; x_wconf 69' lang='lat' dir='ltr'>srquidem</span> 
     </span>
     <span class='ocr_line' id='line_1_3' title="bbox 90 446 1383 513; baseline -0.003 -19"><span class='ocrx_word' id='word_1_11' title='bbox 90 449 352 513; x_wconf 87' lang='lat' dir='ltr'>plurimum</span> <span class='ocrx_word' id='word_1_12' title='bbox 378 447 462 494; x_wconf 86' lang='lat' dir='ltr'>sub</span> <span class='ocrx_word' id='word_1_13' title='bbox 488 447 670 494; x_wconf 83' lang='lat' dir='ltr'>dierum</span> <span class='ocrx_word' id='word_1_14' title='bbox 695 447 933 494; x_wconf 74' lang='lat' dir='ltr'>serenitate</span> <span class='ocrx_word' id='word_1_15' title='bbox 967 446 1193 509; x_wconf 85' lang='lat' dir='ltr'>proficere</span> <span class='ocrx_word' id='word_1_16' title='bbox 1221 446 1383 502; x_wconf 76' lang='lat' dir='ltr'>soient,</span> 
     </span>
     <span class='ocr_line' id='line_1_4' title="bbox 90 521 1386 584; baseline -0.005 -14"><span class='ocrx_word' id='word_1_17' title='bbox 90 521 407 584; x_wconf 86' lang='lat' dir='ltr'>Phlegmones</span> <span class='ocrx_word' id='word_1_18' title='bbox 434 523 659 578; x_wconf 81' lang='lat' dir='ltr'>similiter,</span> <span class='ocrx_word' id='word_1_19' title='bbox 701 535 746 568; x_wconf 87' lang='lat' dir='ltr'>et</span> <span class='ocrx_word' id='word_1_20' title='bbox 785 521 936 584; x_wconf 77' lang='lat' dir='ltr'>prima</span> <span class='ocrx_word' id='word_1_21' title='bbox 974 533 1238 582; x_wconf 74' lang='lat' dir='ltr'>gangraenae</span> <span class='ocrx_word' id='word_1_22' title='bbox 1264 531 1386 564; x_wconf 86' lang='lat' dir='ltr'>tem-</span> 
     </span>
     <span class='ocr_line' id='line_1_5' title="bbox 86 595 1093 664; baseline -0.007 -18"><span class='ocrx_word' id='word_1_23' title='bbox 86 612 220 664; x_wconf 85' lang='lat' dir='ltr'>pora,</span> <span class='ocrx_word' id='word_1_24' title='bbox 247 613 273 643; x_wconf 85' lang='lat' dir='ltr'>a</span> <span class='ocrx_word' id='word_1_25' title='bbox 298 596 403 644; x_wconf 89' lang='lat' dir='ltr'>luce</span> <span class='ocrx_word' id='word_1_26' title='bbox 428 598 809 645; x_wconf 80' lang='lat' dir='ltr'>contrarietatem</span> <span class='ocrx_word' id='word_1_27' title='bbox 833 595 1093 658; x_wconf 77' lang='lat' dir='ltr'>patiuntur.</span> 
     </span>
    </p>
   </div>
   <div class='ocr_carea' id='block_1_3' title="bbox 92 741 1397 1408">
    <p class='ocr_par' dir='ltr' id='par_1_3' title="bbox 92 741 1397 1408">
     <span class='ocr_line' id='line_1_6' title="bbox 161 741 1390 810; baseline -0.003 -16"><span class='ocrx_word' id='word_1_28' title='bbox 161 762 240 809; x_wconf 92' lang='lat'>17.</span> <span class='ocrx_word' id='word_1_29' title='bbox 268 746 499 794; x_wconf 84' lang='lat' dir='ltr'>Diurnam</span> <span class='ocrx_word' id='word_1_30' title='bbox 519 762 713 810; x_wconf 72' lang='lat' dir='ltr'>quoqne</span> <span class='ocrx_word' id='word_1_31' title='bbox 739 745 862 792; x_wconf 87' lang='lat' dir='ltr'>Solis</span> <span class='ocrx_word' id='word_1_32' title='bbox 899 743 1255 791; x_wconf 83' lang='lat' dir='ltr'>illustrationem</span> <span class='ocrx_word' id='word_1_33' title='bbox 1271 741 1390 806; x_wconf 79' lang='lat' dir='ltr'>saepe</span> 
     </span>
     <span class='ocr_line' id='line_1_7' title="bbox 92 819 1391 885; baseline -0.005 -16"><span class='ocrx_word' id='word_1_34' title='bbox 92 820 336 885; x_wconf 80' lang='lat' dir='ltr'><strong>adaequate</strong></span> <span class='ocrx_word' id='word_1_35' title='bbox 360 822 479 869; x_wconf 84' lang='lat' dir='ltr'>adeo</span> <span class='ocrx_word' id='word_1_36' title='bbox 506 821 818 868; x_wconf 83' lang='lat' dir='ltr'>Hemicrania</span> <span class='ocrx_word' id='word_1_37' title='bbox 845 819 1114 874; x_wconf 80' lang='lat' dir='ltr'>comitatur,</span> <span class='ocrx_word' id='word_1_38' title='bbox 1153 832 1204 864; x_wconf 87' lang='lat' dir='ltr'>ut</span> <span class='ocrx_word' id='word_1_39' title='bbox 1228 833 1284 863; x_wconf 89' lang='lat' dir='ltr'>eo</span> <span class='ocrx_word' id='word_1_40' title='bbox 1306 834 1391 863; x_wconf 79' lang='lat' dir='ltr'><strong>ex-</strong></span> 
     </span>
     <span class='ocr_line' id='line_1_8' title="bbox 93 894 1394 954; baseline -0.005 -10"><span class='ocrx_word' id='word_1_41' title='bbox 93 896 271 944; x_wconf 83' lang='lat' dir='ltr'><strong>oriente</strong></span> <span class='ocrx_word' id='word_1_42' title='bbox 320 897 527 954; x_wconf 82' lang='lat' dir='ltr'>invadat,</span> <span class='ocrx_word' id='word_1_43' title='bbox 565 911 612 944; x_wconf 85' lang='lat' dir='ltr'>et</span> <span class='ocrx_word' id='word_1_44' title='bbox 657 896 860 944; x_wconf 78' lang='lat' dir='ltr'>occiduo</span> <span class='ocrx_word' id='word_1_45' title='bbox 903 894 1178 942; x_wconf 82' lang='lat' dir='ltr'>evanescat:</span> <span class='ocrx_word' id='word_1_46' title='bbox 1227 906 1394 939; x_wconf 83' lang='lat' dir='ltr'>contra</span> 
     </span>
     <span class='ocr_line' id='line_1_9' title="bbox 92 966 1391 1036; baseline -0.002 -20"><span class='ocrx_word' id='word_1_47' title='bbox 92 986 239 1034; x_wconf 86' lang='lat' dir='ltr'>quam</span> <span class='ocrx_word' id='word_1_48' title='bbox 280 973 523 1030; x_wconf 59' lang='lat' dir='ltr'>nocturna,</span> <span class='ocrx_word' id='word_1_49' title='bbox 551 987 658 1036; x_wconf 77' lang='lat' dir='ltr'>quae</span> <span class='ocrx_word' id='word_1_50' title='bbox 695 968 921 1017; x_wconf 79' lang='lat' dir='ltr'>consimili</span> <span class='ocrx_word' id='word_1_51' title='bbox 963 967 1161 1014; x_wconf 78' lang='lat' dir='ltr'>circuitu</span> <span class='ocrx_word' id='word_1_52' title='bbox 1203 966 1391 1013; x_wconf 61' lang='lat' dir='ltr'>noctem</span> 
     </span>
     <span class='ocr_line' id='line_1_10' title="bbox 93 1040 1394 1108; baseline -0.005 -17"><span class='ocrx_word' id='word_1_53' title='bbox 93 1056 244 1091; x_wconf 87' lang='lat' dir='ltr'>totam</span> <span class='ocrx_word' id='word_1_54' title='bbox 270 1044 545 1108; x_wconf 78' lang='lat' dir='ltr'>perseverat.</span> <span class='ocrx_word' id='word_1_55' title='bbox 616 1045 784 1106; x_wconf 81' lang='lat' dir='ltr'><strong>anue</strong></span> <span class='ocrx_word' id='word_1_56' title='bbox 825 1041 977 1088; x_wconf 80' lang='lat' dir='ltr'>morbi</span> <span class='ocrx_word' id='word_1_57' title='bbox 1013 1040 1267 1087; x_wconf 75' lang='lat' dir='ltr'>constantia</span> <span class='ocrx_word' id='word_1_58' title='bbox 1290 1056 1394 1086; x_wconf 88' lang='lat' dir='ltr'>me-</span> 
     </span>
     <span class='ocr_line' id='line_1_11' title="bbox 93 1115 1394 1182; baseline -0.004 -16"><span class='ocrx_word' id='word_1_59' title='bbox 93 1131 322 1178; x_wconf 84' lang='lat' dir='ltr'>moratur,</span> <span class='ocrx_word' id='word_1_60' title='bbox 349 1132 402 1165; x_wconf 87' lang='lat' dir='ltr'>ut</span> <span class='ocrx_word' id='word_1_61' title='bbox 450 1119 532 1166; x_wconf 86' lang='lat' dir='ltr'>sub</span> <span class='ocrx_word' id='word_1_62' title='bbox 580 1118 790 1182; x_wconf 85' lang='lat' dir='ltr'>pulsante</span> <span class='ocrx_word' id='word_1_63' title='bbox 836 1118 949 1164; x_wconf 78' lang='lat' dir='ltr'>hora</span> <span class='ocrx_word' id='word_1_64' title='bbox 996 1117 1267 1162; x_wconf 81' lang='lat' dir='ltr'>certiffimos</span> <span class='ocrx_word' id='word_1_65' title='bbox 1307 1115 1394 1161; x_wconf 76' lang='lat' dir='ltr'>ali-</span> 
     </span>
     <span class='ocr_line' id='line_1_12' title="bbox 97 1189 1396 1256; baseline -0.002 -18"><span class='ocrx_word' id='word_1_66' title='bbox 97 1193 288 1256; x_wconf 86' lang='lat' dir='ltr'>quando</span> <span class='ocrx_word' id='word_1_67' title='bbox 331 1193 538 1240; x_wconf 84' lang='lat' dir='ltr'><strong>habuiffe</strong></span> <span class='ocrx_word' id='word_1_68' title='bbox 565 1193 739 1240; x_wconf 84' lang='lat' dir='ltr'>reditus</span> <span class='ocrx_word' id='word_1_69' title='bbox 764 1191 884 1238; x_wconf 88' lang='lat' dir='ltr'><strong>visus</strong></span> <span class='ocrx_word' id='word_1_70' title='bbox 923 1191 992 1237; x_wconf 84' lang='lat' dir='ltr'>fit.</span> <span class='ocrx_word' id='word_1_71' title='bbox 1065 1189 1210 1253; x_wconf 82' lang='lat' dir='ltr'>Qod</span> <span class='ocrx_word' id='word_1_72' title='bbox 1248 1205 1396 1252; x_wconf 81' lang='lat' dir='ltr'>genus</span> 
     </span>
     <span class='ocr_line' id='line_1_13' title="bbox 96 1263 1397 1327; baseline 0 -17"><span class='ocrx_word' id='word_1_73' title='bbox 96 1279 393 1327; x_wconf 76' lang='lat' dir='ltr'>aegrotantes,</span> <span class='ocrx_word' id='word_1_74' title='bbox 442 1266 663 1311; x_wconf 84' lang='lat' dir='ltr'>diuturna</span> <span class='ocrx_word' id='word_1_75' title='bbox 688 1264 1020 1311; x_wconf 83' lang='lat' dir='ltr'>consuetudine</span> <span class='ocrx_word' id='word_1_76' title='bbox 1059 1263 1397 1321; x_wconf 80' lang='lat' dir='ltr'>consternatOS,</span> 
     </span>
     <span class='ocr_line' id='line_1_14' title="bbox 93 1338 898 1408; baseline 0.001 -24"><span class='ocrx_word' id='word_1_77' title='bbox 93 1338 254 1408; x_wconf 84' lang='lat' dir='ltr'>pulvis</span> <span class='ocrx_word' id='word_1_78' title='bbox 279 1338 545 1387; x_wconf 85' lang='lat' dir='ltr'>Valerianae</span> <span class='ocrx_word' id='word_1_79' title='bbox 567 1338 684 1403; x_wconf 85' lang='lat' dir='ltr'><strong>saepe</strong></span> <span class='ocrx_word' id='word_1_80' title='bbox 709 1339 898 1385; x_wconf 85' lang='lat' dir='ltr'>sanavit.</span> 
     </span>
    </p>
   </div>
   <div class='ocr_carea' id='block_1_4' title="bbox 99 1483 1424 2510">
    <p class='ocr_par' dir='ltr' id='par_1_4' title="bbox 99 1483 1424 2510">
     <span class='ocr_line' id='line_1_15' title="bbox 170 1483 1401 1534; baseline -0.002 0"><span class='ocrx_word' id='word_1_81' title='bbox 170 1489 247 1534; x_wconf 87' lang='lat'>18.</span> <span class='ocrx_word' id='word_1_82' title='bbox 288 1487 383 1534; x_wconf 89' lang='lat' dir='ltr'>His</span> <span class='ocrx_word' id='word_1_83' title='bbox 407 1503 521 1534; x_wconf 90' lang='lat' dir='ltr'>vero</span> <span class='ocrx_word' id='word_1_84' title='bbox 549 1486 893 1532; x_wconf 80' lang='lat' dir='ltr'>acerbissimum</span> <span class='ocrx_word' id='word_1_85' title='bbox 922 1483 1235 1531; x_wconf 85' lang='lat' dir='ltr'>meridianum</span> <span class='ocrx_word' id='word_1_86' title='bbox 1275 1497 1401 1531; x_wconf 76' lang='lat' dir='ltr'>tem-</span> 
     </span>
     <span class='ocr_line' id='line_1_16' title="bbox 99 1556 1402 1622; baseline 0 -18"><span class='ocrx_word' id='word_1_87' title='bbox 99 1574 190 1622; x_wconf 75' lang='lat' dir='ltr'>pus</span> <span class='ocrx_word' id='word_1_88' title='bbox 210 1559 298 1605; x_wconf 87' lang='lat' dir='ltr'><strong>effe</strong></span> <span class='ocrx_word' id='word_1_89' title='bbox 323 1558 454 1615; x_wconf 89' lang='lat' dir='ltr'>solet,</span> <span class='ocrx_word' id='word_1_90' title='bbox 490 1557 746 1622; x_wconf 78' lang='lat' dir='ltr'>transltque</span> <span class='ocrx_word' id='word_1_91' title='bbox 771 1557 909 1605; x_wconf 87' lang='lat' dir='ltr'>dolor</span> <span class='ocrx_word' id='word_1_92' title='bbox 935 1573 1018 1621; x_wconf 87' lang='lat' dir='ltr'>per</span> <span class='ocrx_word' id='word_1_93' title='bbox 1060 1557 1106 1603; x_wconf 88' lang='lat' dir='ltr'>id</span> <span class='ocrx_word' id='word_1_94' title='bbox 1130 1570 1318 1619; x_wconf 84' lang='lat' dir='ltr'>tempus</span> <span class='ocrx_word' id='word_1_95' title='bbox 1343 1556 1402 1604; x_wconf 80' lang='lat' dir='ltr'>ad</span> 
     </span>
     <span class='ocr_line' id='line_1_17' title="bbox 99 1632 1403 1699; baseline -0.003 -18"><span class='ocrx_word' id='word_1_96' title='bbox 99 1652 254 1699; x_wconf 71' lang='grc' dir='ltr'><em>ακμην.</em></span> <span class='ocrx_word' id='word_1_97' title='bbox 324 1634 486 1696; x_wconf 75' lang='lat' dir='ltr'>Quare</span> <span class='ocrx_word' id='word_1_98' title='bbox 523 1633 708 1680; x_wconf 89' lang='lat' dir='ltr'>medius</span> <span class='ocrx_word' id='word_1_99' title='bbox 753 1633 847 1680; x_wconf 90' lang='lat' dir='ltr'><strong>diei</strong></span> <span class='ocrx_word' id='word_1_100' title='bbox 886 1632 1109 1678; x_wconf 88' lang='lat' dir='ltr'>terminus</span> <span class='ocrx_word' id='word_1_101' title='bbox 1147 1632 1403 1694; x_wconf 82' lang='lat' dir='ltr'><strong>diligenter</strong></span> 
     </span>
     <span class='ocr_line' id='line_1_18' title="bbox 103 1707 1408 1771; baseline 0 -17"><span class='ocrx_word' id='word_1_102' title='bbox 103 1707 298 1755; x_wconf 67' lang='lat' dir='ltr'>m=01cis</span> <span class='ocrx_word' id='word_1_103' title='bbox 325 1709 689 1755; x_wconf 71' lang='lat' dir='ltr'>considerandus</span> <span class='ocrx_word' id='word_1_104' title='bbox 717 1709 797 1765; x_wconf 90' lang='lat' dir='ltr'>est,</span> <span class='ocrx_word' id='word_1_105' title='bbox 839 1709 969 1771; x_wconf 86' lang='lat' dir='ltr'>quod</span> <span class='ocrx_word' id='word_1_106' title='bbox 1015 1708 1246 1755; x_wconf 80' lang='lat' dir='ltr'>notabiles</span> <span class='ocrx_word' id='word_1_107' title='bbox 1287 1707 1408 1770; x_wconf 84' lang='lat' dir='ltr'><strong>saepe</strong></span> 
     </span>
     <span class='ocr_line' id='line_1_19' title="bbox 105 1781 1407 1845; baseline 0.002 -18"><span class='ocrx_word' id='word_1_108' title='bbox 105 1785 383 1828; x_wconf 56' lang='lat' dir='ltr'>morborum</span> <span class='ocrx_word' id='word_1_109' title='bbox 437 1781 650 1845; x_wconf 83' lang='lat' dir='ltr'>periodos</span> <span class='ocrx_word' id='word_1_110' title='bbox 705 1795 752 1829; x_wconf 89' lang='lat' dir='ltr'>et</span> <span class='ocrx_word' id='word_1_111' title='bbox 808 1781 1128 1829; x_wconf 77' lang='lat' dir='ltr'>conversiones</span> <span class='ocrx_word' id='word_1_112' title='bbox 1177 1781 1407 1829; x_wconf 82' lang='lat' dir='ltr'>includat.</span> 
     </span>
     <span class='ocr_line' id='line_1_20' title="bbox 105 1854 1410 1918; baseline -0.001 -15"><span class='ocrx_word' id='word_1_113' title='bbox 105 1854 205 1903; x_wconf 87' lang='lat' dir='ltr'>Sub</span> <span class='ocrx_word' id='word_1_114' title='bbox 231 1854 424 1901; x_wconf 66' lang='lat' dir='ltr'>meridie</span> <span class='ocrx_word' id='word_1_115' title='bbox 449 1855 676 1918; x_wconf 75' lang='lat' dir='ltr'><strong>siquidem</strong></span> <span class='ocrx_word' id='word_1_116' title='bbox 700 1856 776 1902; x_wconf 89' lang='lat' dir='ltr'><strong>vel</strong></span> <span class='ocrx_word' id='word_1_117' title='bbox 812 1871 919 1910; x_wconf 84' lang='lat' dir='ltr'>una,</span> <span class='ocrx_word' id='word_1_118' title='bbox 952 1868 1031 1902; x_wconf 85' lang='lat' dir='ltr'>aut</span> <span class='ocrx_word' id='word_1_119' title='bbox 1055 1856 1196 1901; x_wconf 86' lang='lat' dir='ltr'>altera</span> <span class='ocrx_word' id='word_1_120' title='bbox 1217 1871 1244 1900; x_wconf 85' lang='lat' dir='ltr'>a</span> <span class='ocrx_word' id='word_1_121' title='bbox 1269 1856 1410 1902; x_wconf 87' lang='lat' dir='ltr'>meri—</span> 
     </span>
     <span class='ocr_line' id='line_1_21' title="bbox 105 1925 1409 1990; baseline 0.002 -18"><span class='ocrx_word' id='word_1_122' title='bbox 105 1925 184 1973; x_wconf 85' lang='lat' dir='ltr'>die</span> <span class='ocrx_word' id='word_1_123' title='bbox 226 1929 339 1972; x_wconf 84' lang='lat' dir='ltr'>hora</span> <span class='ocrx_word' id='word_1_124' title='bbox 382 1927 535 1972; x_wconf 68' lang='lat' dir='ltr'>solaris</span> <span class='ocrx_word' id='word_1_125' title='bbox 578 1927 776 1988; x_wconf 83' lang='lat' dir='ltr'>potestas</span> <span class='ocrx_word' id='word_1_126' title='bbox 811 1925 857 1972; x_wconf 89' lang='lat' dir='ltr'>in</span> <span class='ocrx_word' id='word_1_127' title='bbox 883 1926 1047 1989; x_wconf 80' lang='lat' dir='ltr'>vigore</span> <span class='ocrx_word' id='word_1_128' title='bbox 1073 1928 1152 1983; x_wconf 89' lang='lat' dir='ltr'>est,</span> <span class='ocrx_word' id='word_1_129' title='bbox 1194 1928 1409 1990; x_wconf 83' lang='lat' dir='ltr'>proxime</span> 
     </span>
     <span class='ocr_line' id='line_1_22' title="bbox 110 1998 1408 2061; baseline 0.002 -16"><span class='ocrx_word' id='word_1_130' title='bbox 110 1998 504 2061; x_wconf 78' lang='lat' dir='ltr'>consentientibus</span> <span class='ocrx_word' id='word_1_131' title='bbox 530 1999 784 2060; x_wconf 85' lang='lat' dir='ltr'><strong>desumptis</strong></span> <span class='ocrx_word' id='word_1_132' title='bbox 824 2015 849 2045; x_wconf 86' lang='lat' dir='ltr'>a</span> <span class='ocrx_word' id='word_1_133' title='bbox 888 1998 1227 2061; x_wconf 83' lang='lat' dir='ltr'>meteorologia</span> <span class='ocrx_word' id='word_1_134' title='bbox 1249 2000 1408 2048; x_wconf 84' lang='lat' dir='ltr'>obser-</span> 
     </span>
     <span class='ocr_line' id='line_1_23' title="bbox 108 2072 1424 2139; baseline 0.002 -20"><span class='ocrx_word' id='word_1_135' title='bbox 108 2072 400 2133; x_wconf 81' lang='lat' dir='ltr'>vationibus.</span> <span class='ocrx_word' id='word_1_136' title='bbox 441 2073 539 2119; x_wconf 82' lang='lat' dir='ltr'>Sub</span> <span class='ocrx_word' id='word_1_137' title='bbox 566 2073 635 2119; x_wconf 80' lang='lat' dir='ltr'>his</span> <span class='ocrx_word' id='word_1_138' title='bbox 661 2089 865 2136; x_wconf 82' lang='lat' dir='ltr'>namque</span> <span class='ocrx_word' id='word_1_139' title='bbox 890 2074 1033 2132; x_wconf 86' lang='lat' dir='ltr'>horis,</span> <span class='ocrx_word' id='word_1_140' title='bbox 1061 2073 1092 2119; x_wconf 84' lang='lat' dir='ltr'>s1</span> <span class='ocrx_word' id='word_1_141' title='bbox 1113 2074 1305 2137; x_wconf 87' lang='lat' dir='ltr'>quidem</span> <span class='ocrx_word' id='word_1_142' title='bbox 1330 2092 1424 2139; x_wconf 83' lang='lat' dir='ltr'><strong>pe··</strong></span> 
     </span>
     <span class='ocr_line' id='line_1_24' title="bbox 111 2146 1410 2213; baseline 0.002 -19"><span class='ocrx_word' id='word_1_143' title='bbox 111 2147 309 2194; x_wconf 79' lang='lat' dir='ltr'>culiares</span> <span class='ocrx_word' id='word_1_144' title='bbox 335 2164 429 2194; x_wconf 88' lang='lat' dir='ltr'>non</span> <span class='ocrx_word' id='word_1_145' title='bbox 455 2146 637 2194; x_wconf 83' lang='lat' dir='ltr'>obstent</span> <span class='ocrx_word' id='word_1_146' title='bbox 663 2147 848 2205; x_wconf 76' lang='lat' dir='ltr'>cauffae,</span> <span class='ocrx_word' id='word_1_147' title='bbox 883 2161 961 2193; x_wconf 84' lang='lat' dir='ltr'>aut</span> <span class='ocrx_word' id='word_1_148' title='bbox 995 2147 1221 2196; x_wconf 85' lang='lat' dir='ltr'>minimus</span> <span class='ocrx_word' id='word_1_149' title='bbox 1262 2147 1410 2213; x_wconf 75' lang='lat' dir='ltr'>frigo·</span> 
     </span>
     <span class='ocr_line' id='line_1_25' title="bbox 114 2220 1412 2287; baseline 0.002 -20"><span class='ocrx_word' id='word_1_150' title='bbox 114 2220 196 2277; x_wconf 84' lang='lat' dir='ltr'>ris,</span> <span class='ocrx_word' id='word_1_151' title='bbox 222 2234 302 2268; x_wconf 86' lang='lat' dir='ltr'>aut</span> <span class='ocrx_word' id='word_1_152' title='bbox 327 2220 532 2269; x_wconf 87' lang='lat' dir='ltr'>summus</span> <span class='ocrx_word' id='word_1_153' title='bbox 559 2223 724 2269; x_wconf 85' lang='lat' dir='ltr'>caloris</span> <span class='ocrx_word' id='word_1_154' title='bbox 741 2223 928 2284; x_wconf 76' lang='lat' dir='ltr'>gradus,</span> <span class='ocrx_word' id='word_1_155' title='bbox 965 2222 1300 2269; x_wconf 87' lang='lat' dir='ltr'>thermometro</span> <span class='ocrx_word' id='word_1_156' title='bbox 1330 2222 1412 2287; x_wconf 88' lang='lat' dir='ltr'>ju-</span> 
     </span>
     <span class='ocr_line' id='line_1_26' title="bbox 114 2295 1415 2361; baseline 0.002 -19"><span class='ocrx_word' id='word_1_157' title='bbox 114 2295 220 2342; x_wconf 86' lang='lat' dir='ltr'><strong>dice</strong></span> <span class='ocrx_word' id='word_1_158' title='bbox 263 2295 515 2348; x_wconf 82' lang='lat' dir='ltr'>nuntiatur.</span> <span class='ocrx_word' id='word_1_159' title='bbox 612 2297 995 2359; x_wconf 82' lang='lat' dir='ltr'>Magneticarum</span> <span class='ocrx_word' id='word_1_160' title='bbox 1036 2312 1245 2359; x_wconf 85' lang='lat' dir='ltr'>quoque,</span> <span class='ocrx_word' id='word_1_161' title='bbox 1306 2314 1415 2361; x_wconf 81' lang='lat' dir='ltr'>quae</span> 
     </span>
     <span class='ocr_line' id='line_1_27' title="bbox 117 2370 1414 2437; baseline 0.003 -20"><span class='ocrx_word' id='word_1_162' title='bbox 117 2370 420 2418; x_wconf 85' lang='lat' dir='ltr'>nominantur</span> <span class='ocrx_word' id='word_1_163' title='bbox 439 2372 772 2437; x_wconf 84' lang='lat' dir='ltr'>agitationum,</span> <span class='ocrx_word' id='word_1_164' title='bbox 818 2375 1063 2426; x_wconf 81' lang='lat' dir='ltr'>maximum,</span> <span class='ocrx_word' id='word_1_165' title='bbox 1104 2372 1414 2421; x_wconf 84' lang='lat' dir='ltr'>meridianum</span> 
     </span>
     <span class='ocr_line' id='line_1_28' title="bbox 115 2443 1416 2510; baseline 0.002 -17"><span class='ocrx_word' id='word_1_166' title='bbox 115 2456 306 2510; x_wconf 89' lang='lat' dir='ltr'>tempus</span> <span class='ocrx_word' id='word_1_167' title='bbox 331 2444 407 2491; x_wconf 92' lang='lat' dir='ltr'><strong>vel</strong></span> <span class='ocrx_word' id='word_1_168' title='bbox 445 2445 627 2510; x_wconf 85' lang='lat' dir='ltr'>prorsus</span> <span class='ocrx_word' id='word_1_169' title='bbox 668 2443 873 2508; x_wconf 86' lang='lat' dir='ltr'>respicit,</span> <span class='ocrx_word' id='word_1_170' title='bbox 910 2445 985 2490; x_wconf 84' lang='lat' dir='ltr'><strong>vel</strong></span> <span class='ocrx_word' id='word_1_171' title='bbox 1010 2446 1027 2469; x_wconf 84' lang='lat'>⁹</span> <span class='ocrx_word' id='word_1_172' title='bbox 1051 2446 1264 2509; x_wconf 80' lang='lat' dir='ltr'>proxime</span> <span class='ocrx_word' id='word_1_173' title='bbox 1297 2464 1416 2496; x_wconf 83' lang='lat' dir='ltr'>con-</span> 
     </span>
    </p>
   </div>
   <div class='ocr_carea' id='block_1_5' title="bbox 105 2604 1443 2728">
    <p class='ocr_par' dir='ltr' id='par_1_5' title="bbox 105 2604 1443 2728">
     <span class='ocr_line' id='line_1_29' title="bbox 164 2604 1432 2661; baseline -0.002 -14"><span class='ocrx_word' id='word_1_174' title='bbox 164 2612 183 2636; x_wconf 84' lang='lat'><em>9</em></span> <span class='ocrx_word' id='word_1_175' title='bbox 211 2604 325 2644; x_wconf 87' lang='lat' dir='ltr'>Conf·</span> <span class='ocrx_word' id='word_1_176' title='bbox 348 2605 440 2643; x_wconf 78' lang='lat' dir='ltr'>Van</span> <span class='ocrx_word' id='word_1_177' title='bbox 460 2604 602 2647; x_wconf 78' lang='lat' dir='ltr'>Swind..</span> <span class='ocrx_word' id='word_1_178' title='bbox 620 2606 772 2656; x_wconf 78' lang='lat' dir='ltr'>Diffirt.</span> <span class='ocrx_word' id='word_1_179' title='bbox 781 2609 854 2660; x_wconf 69' lang='lat' dir='ltr'>sur</span> <span class='ocrx_word' id='word_1_180' title='bbox 879 2608 924 2646; x_wconf 82' lang='lat' dir='ltr'>les</span> <span class='ocrx_word' id='word_1_181' title='bbox 941 2607 1076 2657; x_wconf 71' lang='lat' dir='ltr'><em>Mouv,</em></span> <span class='ocrx_word' id='word_1_182' title='bbox 1095 2610 1244 2661; x_wconf 73' lang='lat' dir='ltr'>irregul.</span> <span class='ocrx_word' id='word_1_183' title='bbox 1264 2608 1304 2644; x_wconf 73' lang='lat' dir='ltr'>de</span> <span class='ocrx_word' id='word_1_184' title='bbox 1330 2607 1432 2650; x_wconf 51' lang='lat' dir='ltr'>&amp;Ai-</span> 
     </span>
     <span class='ocr_line' id='line_1_30' title="bbox 105 2663 1443 2728; baseline 0.002 -23"><span class='ocrx_word' id='word_1_185' title='bbox 105 2665 219 2728; x_wconf 50' lang='lat' dir='ltr'>guille</span> <span class='ocrx_word' id='word_1_186' title='bbox 230 2666 430 2705; x_wconf 66' lang='lat' dir='ltr'>Admantee.</span> <span class='ocrx_word' id='word_1_187' title='bbox 1425 2663 1443 2670; x_wconf 32' lang='grc' dir='ltr'><em>ὁ</em></span> 
     </span>
    </p>
   </div>
   <div class='ocr_carea' id='block_1_6' title="bbox 361 2719 1422 2785">
    <p class='ocr_par' dir='ltr' id='par_1_6' title="bbox 361 2719 1422 2785">
     <span class='ocr_line' id='line_1_31' title="bbox 361 2719 1422 2785; baseline -0.001 -19"><span class='ocrx_word' id='word_1_188' title='bbox 361 2736 394 2782; x_wconf 77' lang='lat'>4</span> <span class='ocrx_word' id='word_1_189' title='bbox 1056 2754 1062 2766; x_wconf 27' lang='grc' dir='ltr'>χ</span> <span class='ocrx_word' id='word_1_190' title='bbox 1196 2719 1422 2785; x_wconf 70' lang='lat' dir='ltr'>sequitur,</span> 
     </span>
    </p>
   </div>
  </div>
 </body>
</html>
