<?xml version="1.0" encoding="UTF-8"?>
<!DOCTYPE html PUBLIC "-//W3C//DTD XHTML 1.0 Transitional//EN"
    "http://www.w3.org/TR/xhtml1/DTD/xhtml1-transitional.dtd">
<html xmlns="http://www.w3.org/1999/xhtml" xml:lang="en" lang="en">
 <head>
  <title>
</title>
<meta http-equiv="Content-Type" content="text/html;charset=utf-8" />
  <meta name='ocr-system' content='tesseract 3.04.00' />
  <meta name='ocr-capabilities' content='ocr_page ocr_carea ocr_par ocr_line ocrx_word'/>
</head>
<body>
  <div class='ocr_page' id='page_1' title='image "./devitalibusperio02testuoft_0119.png"; bbox 0 0 1871 3211; ppageno 0'>
   <div class='ocr_carea' id='block_1_1' title="bbox 370 261 1364 327">
    <p class='ocr_par' dir='ltr' id='par_1_1' title="bbox 370 261 1364 327">
     <span class='ocr_line' id='line_1_1' title="bbox 370 261 1364 327; baseline -0.004 -14"><span class='ocrx_word' id='word_1_1' title='bbox 370 261 1071 313; x_wconf 86' lang='lat' dir='ltr'><strong>CAUSSIS.</strong></span> <span class='ocrx_word' id='word_1_2' title='bbox 1276 275 1364 327; x_wconf 76' lang='lat'>105</span> 
     </span>
    </p>
   </div>
   <div class='ocr_carea' id='block_1_2' title="bbox 65 392 1378 1123">
    <p class='ocr_par' dir='ltr' id='par_1_2' title="bbox 65 392 1378 1123">
     <span class='ocr_line' id='line_1_2' title="bbox 75 392 1366 465; baseline -0.005 -16"><span class='ocrx_word' id='word_1_3' title='bbox 75 402 227 465; x_wconf 89' lang='lat' dir='ltr'>primo</span> <span class='ocrx_word' id='word_1_4' title='bbox 251 414 387 446; x_wconf 89' lang='lat' dir='ltr'>mane</span> <span class='ocrx_word' id='word_1_5' title='bbox 413 397 704 461; x_wconf 83' lang='lat' dir='ltr'>evigilantes,</span> <span class='ocrx_word' id='word_1_6' title='bbox 744 393 892 442; x_wconf 91' lang='lat' dir='ltr'>veluti</span> <span class='ocrx_word' id='word_1_7' title='bbox 917 393 1032 440; x_wconf 90' lang='lat' dir='ltr'>saltu</span> <span class='ocrx_word' id='word_1_8' title='bbox 1059 392 1366 443; x_wconf 84' lang='lat' dir='ltr'>articulorum</span> 
     </span>
     <span class='ocr_line' id='line_1_3' title="bbox 75 466 1369 535; baseline -0.007 -14"><span class='ocrx_word' id='word_1_9' title='bbox 75 475 160 522; x_wconf 88' lang='lat' dir='ltr'>toti</span> <span class='ocrx_word' id='word_1_10' title='bbox 177 472 442 528; x_wconf 84' lang='lat' dir='ltr'>incitantur,</span> <span class='ocrx_word' id='word_1_11' title='bbox 460 471 590 535; x_wconf 91' lang='lat' dir='ltr'>quod</span> <span class='ocrx_word' id='word_1_12' title='bbox 610 468 913 533; x_wconf 83' lang='lat' dir='ltr'>scripfitCael.</span> <span class='ocrx_word' id='word_1_13' title='bbox 929 466 1227 515; x_wconf 84' lang='lat' dir='ltr'><strong>Aurelianus.</strong></span> <span class='ocrx_word' id='word_1_14' title='bbox 1242 468 1369 517; x_wconf 69' lang='lat' dir='ltr'>Prae-</span> 
     </span>
     <span class='ocr_line' id='line_1_4' title="bbox 76 539 1370 608; baseline -0.007 -14"><span class='ocrx_word' id='word_1_15' title='bbox 76 561 200 595; x_wconf 89' lang='lat' dir='ltr'>terea</span> <span class='ocrx_word' id='word_1_16' title='bbox 223 546 528 608; x_wconf 87' lang='lat' dir='ltr'>phtificorum</span> <span class='ocrx_word' id='word_1_17' title='bbox 555 544 741 591; x_wconf 89' lang='lat' dir='ltr'>sudores</span> <span class='ocrx_word' id='word_1_18' title='bbox 767 543 892 589; x_wconf 89' lang='lat' dir='ltr'>circa</span> <span class='ocrx_word' id='word_1_19' title='bbox 911 539 1071 604; x_wconf 68' lang='grc' dir='ltr'>ρεξὶυε</span> <span class='ocrx_word' id='word_1_20' title='bbox 1097 539 1370 602; x_wconf 73' lang='lat' dir='ltr'>praeprimis,</span> 
     </span>
     <span class='ocr_line' id='line_1_5' title="bbox 65 613 1372 683; baseline -0.006 -16"><span class='ocrx_word' id='word_1_21' title='bbox 65 617 129 668; x_wconf 74' lang='lat' dir='ltr'>&#39;et</span> <span class='ocrx_word' id='word_1_22' title='bbox 155 633 313 683; x_wconf 88' lang='lat' dir='ltr'>caput,</span> <span class='ocrx_word' id='word_1_23' title='bbox 340 619 598 666; x_wconf 89' lang='lat' dir='ltr'>adventum</span> <span class='ocrx_word' id='word_1_24' title='bbox 614 616 708 664; x_wconf 88' lang='lat' dir='ltr'>diei</span> <span class='ocrx_word' id='word_1_25' title='bbox 734 615 948 679; x_wconf 85' lang='lat' dir='ltr'>proxime</span> <span class='ocrx_word' id='word_1_26' title='bbox 968 614 1222 676; x_wconf 88' lang='lat' dir='ltr'>respiciunt</span> <span class='ocrx_word' id='word_1_27' title='bbox 1245 631 1255 659; x_wconf 76' lang='grc' dir='ltr'>ε</span> <span class='ocrx_word' id='word_1_28' title='bbox 1299 613 1372 660; x_wconf 84' lang='lat' dir='ltr'>iis-</span> 
     </span>
     <span class='ocr_line' id='line_1_6' title="bbox 82 686 1372 756; baseline -0.004 -17"><span class='ocrx_word' id='word_1_29' title='bbox 82 707 176 756; x_wconf 87' lang='lat' dir='ltr'>que</span> <span class='ocrx_word' id='word_1_30' title='bbox 225 692 438 739; x_wconf 84' lang='lat' dir='ltr'>acerbior</span> <span class='ocrx_word' id='word_1_31' title='bbox 483 690 564 738; x_wconf 92' lang='lat' dir='ltr'>sub</span> <span class='ocrx_word' id='word_1_32' title='bbox 611 690 740 737; x_wconf 89' lang='lat' dir='ltr'>diem</span> <span class='ocrx_word' id='word_1_33' title='bbox 783 691 910 736; x_wconf 85' lang='lat' dir='ltr'>tuffis</span> <span class='ocrx_word' id='word_1_34' title='bbox 951 688 1162 742; x_wconf 88' lang='lat' dir='ltr'>incurrit,</span> <span class='ocrx_word' id='word_1_35' title='bbox 1211 686 1372 750; x_wconf 87' lang='lat' dir='ltr'>hisque</span> 
     </span>
     <span class='ocr_line' id='line_1_7' title="bbox 83 761 1375 828; baseline -0.004 -16"><span class='ocrx_word' id='word_1_36' title='bbox 83 765 200 828; x_wconf 84' lang='lat' dir='ltr'>saepe</span> <span class='ocrx_word' id='word_1_37' title='bbox 233 765 358 812; x_wconf 86' lang='lat' dir='ltr'>horis</span> <span class='ocrx_word' id='word_1_38' title='bbox 399 764 531 828; x_wconf 88' lang='lat' dir='ltr'>sputa</span> <span class='ocrx_word' id='word_1_39' title='bbox 567 763 825 828; x_wconf 83' lang='lat' dir='ltr'>sanguineis</span> <span class='ocrx_word' id='word_1_40' title='bbox 866 761 984 808; x_wconf 88' lang='lat' dir='ltr'>striis</span> <span class='ocrx_word' id='word_1_41' title='bbox 1022 761 1240 808; x_wconf 84' lang='lat' dir='ltr'>immixta</span> <span class='ocrx_word' id='word_1_42' title='bbox 1271 762 1375 808; x_wconf 88' lang='lat' dir='ltr'>red-</span> 
     </span>
     <span class='ocr_line' id='line_1_8' title="bbox 79 833 1375 901; baseline -0.004 -16"><span class='ocrx_word' id='word_1_43' title='bbox 79 838 216 886; x_wconf 87' lang='lat' dir='ltr'>dunt.</span> <span class='ocrx_word' id='word_1_44' title='bbox 290 838 669 901; x_wconf 80' lang='lat' dir='ltr'>Haernorrhagiae</span> <span class='ocrx_word' id='word_1_45' title='bbox 701 837 861 892; x_wconf 89' lang='lat' dir='ltr'>etiam,</span> <span class='ocrx_word' id='word_1_46' title='bbox 887 851 991 882; x_wconf 89' lang='lat' dir='ltr'>eam</span> <span class='ocrx_word' id='word_1_47' title='bbox 1011 833 1128 897; x_wconf 84' lang='lat' dir='ltr'>saepe</span> <span class='ocrx_word' id='word_1_48' title='bbox 1153 833 1244 881; x_wconf 81' lang='lat' dir='ltr'>diei</span> <span class='ocrx_word' id='word_1_49' title='bbox 1269 850 1375 896; x_wconf 88' lang='lat' dir='ltr'>par-</span> 
     </span>
     <span class='ocr_line' id='line_1_9' title="bbox 80 907 1378 974; baseline -0.003 -18"><span class='ocrx_word' id='word_1_50' title='bbox 80 923 178 958; x_wconf 89' lang='lat' dir='ltr'>tem</span> <span class='ocrx_word' id='word_1_51' title='bbox 202 925 468 974; x_wconf 89' lang='lat' dir='ltr'>occupant;</span> <span class='ocrx_word' id='word_1_52' title='bbox 506 927 665 958; x_wconf 89' lang='lat' dir='ltr'>eorum</span> <span class='ocrx_word' id='word_1_53' title='bbox 695 909 946 972; x_wconf 83' lang='lat' dir='ltr'>imprimis,</span> <span class='ocrx_word' id='word_1_54' title='bbox 980 924 1184 971; x_wconf 87' lang='lat' dir='ltr'>quorum</span> <span class='ocrx_word' id='word_1_55' title='bbox 1209 907 1378 970; x_wconf 84' lang='lat' dir='ltr'>exqui-</span> 
     </span>
     <span class='ocr_line' id='line_1_10' title="bbox 80 983 1378 1049; baseline -0.003 -18"><span class='ocrx_word' id='word_1_56' title='bbox 80 984 190 1033; x_wconf 82' lang='lat' dir='ltr'>situs</span> <span class='ocrx_word' id='word_1_57' title='bbox 236 986 300 1032; x_wconf 88' lang='lat' dir='ltr'>est</span> <span class='ocrx_word' id='word_1_58' title='bbox 344 986 512 1042; x_wconf 88' lang='lat' dir='ltr'>sensus,</span> <span class='ocrx_word' id='word_1_59' title='bbox 575 986 782 1049; x_wconf 88' lang='lat' dir='ltr'>quosque</span> <span class='ocrx_word' id='word_1_60' title='bbox 830 983 984 1031; x_wconf 84' lang='lat' dir='ltr'>morbi</span> <span class='ocrx_word' id='word_1_61' title='bbox 1032 983 1274 1039; x_wconf 82' lang='lat' dir='ltr'>acerbitas,</span> <span class='ocrx_word' id='word_1_62' title='bbox 1330 994 1378 1027; x_wconf 87' lang='lat' dir='ltr'>et</span> 
     </span>
     <span class='ocr_line' id='line_1_11' title="bbox 82 1056 1222 1123; baseline -0.004 -17"><span class='ocrx_word' id='word_1_63' title='bbox 82 1059 379 1116; x_wconf 87' lang='lat' dir='ltr'>diuturnitas,</span> <span class='ocrx_word' id='word_1_64' title='bbox 413 1060 612 1123; x_wconf 85' lang='lat' dir='ltr'>aptiores</span> <span class='ocrx_word' id='word_1_65' title='bbox 639 1061 696 1106; x_wconf 83' lang='lat' dir='ltr'>ad</span> <span class='ocrx_word' id='word_1_66' title='bbox 725 1058 1000 1105; x_wconf 82' lang='lat' dir='ltr'>irritandum</span> <span class='ocrx_word' id='word_1_67' title='bbox 1046 1056 1222 1103; x_wconf 82' lang='lat' dir='ltr'>effecit.</span> 
     </span>
    </p>
   </div>
   <div class='ocr_carea' id='block_1_3' title="bbox 65 1203 1441 2441">
    <p class='ocr_par' dir='ltr' id='par_1_3' title="bbox 85 1203 1441 1998">
     <span class='ocr_line' id='line_1_12' title="bbox 153 1203 1379 1274; baseline -0.004 -19"><span class='ocrx_word' id='word_1_68' title='bbox 153 1225 200 1270; x_wconf 87' lang='lat'>9.</span> <span class='ocrx_word' id='word_1_69' title='bbox 239 1209 456 1274; x_wconf 82' lang='lat' dir='ltr'>Qorum</span> <span class='ocrx_word' id='word_1_70' title='bbox 484 1207 680 1270; x_wconf 87' lang='lat' dir='ltr'>quidem</span> <span class='ocrx_word' id='word_1_71' title='bbox 712 1222 934 1269; x_wconf 79' lang='lat' dir='ltr'>magnam</span> <span class='ocrx_word' id='word_1_72' title='bbox 963 1218 1162 1268; x_wconf 82' lang='lat' dir='ltr'>partem,</span> <span class='ocrx_word' id='word_1_73' title='bbox 1205 1203 1379 1266; x_wconf 79' lang='lat' dir='ltr'>absque</span> 
     </span>
     <span class='ocr_line' id='line_1_13' title="bbox 86 1279 1379 1343; baseline -0.002 -17"><span class='ocrx_word' id='word_1_74' title='bbox 86 1280 204 1326; x_wconf 89' lang='lat' dir='ltr'>lucis</span> <span class='ocrx_word' id='word_1_75' title='bbox 237 1280 559 1339; x_wconf 88' lang='lat' dir='ltr'>illustratione,</span> <span class='ocrx_word' id='word_1_76' title='bbox 615 1296 758 1343; x_wconf 89' lang='lat' dir='ltr'>quam</span> <span class='ocrx_word' id='word_1_77' title='bbox 796 1296 848 1325; x_wconf 86' lang='lat' dir='ltr'>ea</span> <span class='ocrx_word' id='word_1_78' title='bbox 889 1292 1176 1325; x_wconf 84' lang='lat' dir='ltr'>antevertere</span> <span class='ocrx_word' id='word_1_79' title='bbox 1216 1279 1379 1335; x_wconf 87' lang='lat' dir='ltr'>solent,</span> 
     </span>
     <span class='ocr_line' id='line_1_14' title="bbox 85 1352 1380 1417; baseline -0.002 -17"><span class='ocrx_word' id='word_1_80' title='bbox 85 1353 273 1400; x_wconf 87' lang='lat' dir='ltr'>evenire</span> <span class='ocrx_word' id='word_1_81' title='bbox 298 1354 528 1417; x_wconf 83' lang='lat' dir='ltr'>intellig0‚</span> <span class='ocrx_word' id='word_1_82' title='bbox 566 1368 715 1416; x_wconf 90' lang='lat' dir='ltr'>utque</span> <span class='ocrx_word' id='word_1_83' title='bbox 737 1365 944 1415; x_wconf 87' lang='lat' dir='ltr'>apparet,</span> <span class='ocrx_word' id='word_1_84' title='bbox 982 1369 1008 1397; x_wconf 88' lang='lat' dir='ltr'>a</span> <span class='ocrx_word' id='word_1_85' title='bbox 1032 1352 1219 1398; x_wconf 86' lang='lat' dir='ltr'>stimulo</span> <span class='ocrx_word' id='word_1_86' title='bbox 1243 1366 1380 1399; x_wconf 82' lang='lat' dir='ltr'>tenu-</span> 
     </span>
     <span class='ocr_line' id='line_1_15' title="bbox 88 1424 1382 1489; baseline 0 -18"><span class='ocrx_word' id='word_1_87' title='bbox 88 1424 214 1482; x_wconf 88' lang='lat' dir='ltr'>ioris,</span> <span class='ocrx_word' id='word_1_88' title='bbox 255 1439 302 1472; x_wconf 87' lang='lat' dir='ltr'>ct</span> <span class='ocrx_word' id='word_1_89' title='bbox 334 1426 532 1489; x_wconf 87' lang='lat' dir='ltr'>purioris</span> <span class='ocrx_word' id='word_1_90' title='bbox 557 1426 671 1472; x_wconf 82' lang='lat' dir='ltr'>aeris</span> <span class='ocrx_word' id='word_1_91' title='bbox 693 1424 927 1472; x_wconf 89' lang='lat' dir='ltr'>matutini.</span> <span class='ocrx_word' id='word_1_92' title='bbox 993 1424 1132 1470; x_wconf 86' lang='lat' dir='ltr'>Certe</span> <span class='ocrx_word' id='word_1_93' title='bbox 1163 1441 1273 1471; x_wconf 88' lang='lat' dir='ltr'>cum</span> <span class='ocrx_word' id='word_1_94' title='bbox 1298 1426 1382 1471; x_wconf 86' lang='lat' dir='ltr'>de-</span> 
     </span>
     <span class='ocr_line' id='line_1_16' title="bbox 88 1495 1383 1562; baseline 0 -19"><span class='ocrx_word' id='word_1_95' title='bbox 88 1497 397 1562; x_wconf 84' lang='lat' dir='ltr'>phlogisticus</span> <span class='ocrx_word' id='word_1_96' title='bbox 424 1515 514 1556; x_wconf 84' lang='lat' dir='ltr'>aer,</span> <span class='ocrx_word' id='word_1_97' title='bbox 537 1512 643 1546; x_wconf 89' lang='lat' dir='ltr'>ante</span> <span class='ocrx_word' id='word_1_98' title='bbox 668 1498 782 1545; x_wconf 89' lang='lat' dir='ltr'>alias</span> <span class='ocrx_word' id='word_1_99' title='bbox 807 1496 921 1544; x_wconf 87' lang='lat' dir='ltr'>aeris</span> <span class='ocrx_word' id='word_1_100' title='bbox 946 1495 1136 1558; x_wconf 82' lang='lat' dir='ltr'>species,</span> <span class='ocrx_word' id='word_1_101' title='bbox 1161 1497 1383 1559; x_wconf 89' lang='lat' dir='ltr'>potentis-</span> 
     </span>
     <span class='ocr_line' id='line_1_17' title="bbox 92 1569 1385 1629; baseline 0 -12"><span class='ocrx_word' id='word_1_102' title='bbox 92 1571 263 1619; x_wconf 86' lang='lat' dir='ltr'>fimum</span> <span class='ocrx_word' id='word_1_103' title='bbox 306 1572 527 1619; x_wconf 89' lang='lat' dir='ltr'>musculis</span> <span class='ocrx_word' id='word_1_104' title='bbox 571 1573 914 1618; x_wconf 85' lang='lat' dir='ltr'>irritamentum</span> <span class='ocrx_word' id='word_1_105' title='bbox 966 1569 1150 1629; x_wconf 88' lang='lat' dir='ltr'>inferat,</span> <span class='ocrx_word' id='word_1_106' title='bbox 1205 1571 1385 1618; x_wconf 86' lang='lat' dir='ltr'>immis-</span> 
     </span>
     <span class='ocr_line' id='line_1_18' title="bbox 93 1643 1390 1708; baseline 0.002 -19"><span class='ocrx_word' id='word_1_107' title='bbox 93 1643 286 1708; x_wconf 86' lang='lat' dir='ltr'>sumque</span> <span class='ocrx_word' id='word_1_108' title='bbox 324 1644 372 1691; x_wconf 89' lang='lat' dir='ltr'>in</span> <span class='ocrx_word' id='word_1_109' title='bbox 412 1662 468 1692; x_wconf 89' lang='lat' dir='ltr'>eo</span> <span class='ocrx_word' id='word_1_110' title='bbox 513 1661 595 1692; x_wconf 89' lang='lat' dir='ltr'>cor</span> <span class='ocrx_word' id='word_1_111' title='bbox 621 1645 786 1701; x_wconf 87' lang='lat' dir='ltr'>rursus,</span> <span class='ocrx_word' id='word_1_112' title='bbox 816 1658 861 1690; x_wconf 88' lang='lat' dir='ltr'>et</span> <span class='ocrx_word' id='word_1_113' title='bbox 880 1643 981 1702; x_wconf 88' lang='lat' dir='ltr'>diu,</span> <span class='ocrx_word' id='word_1_114' title='bbox 1025 1643 1082 1690; x_wconf 83' lang='lat' dir='ltr'>ad</span> <span class='ocrx_word' id='word_1_115' title='bbox 1108 1645 1390 1707; x_wconf 84' lang='lat' dir='ltr'>pulsandum</span> 
     </span>
     <span class='ocr_line' id='line_1_19' title="bbox 99 1717 1388 1782; baseline 0.001 -20"><span class='ocrx_word' id='word_1_116' title='bbox 99 1718 376 1775; x_wconf 89' lang='lat' dir='ltr'>concitetur,</span> <span class='ocrx_word' id='word_1_117' title='bbox 414 1735 618 1782; x_wconf 88' lang='lat' dir='ltr'>cumque</span> <span class='ocrx_word' id='word_1_118' title='bbox 656 1717 984 1781; x_wconf 82' lang='lat' dir='ltr'>dephlogistici</span> <span class='ocrx_word' id='word_1_119' title='bbox 1025 1719 1160 1774; x_wconf 84' lang='lat' dir='ltr'>aeris,</span> <span class='ocrx_word' id='word_1_120' title='bbox 1200 1732 1246 1764; x_wconf 87' lang='lat' dir='ltr'>et</span> <span class='ocrx_word' id='word_1_121' title='bbox 1270 1719 1388 1765; x_wconf 86' lang='lat' dir='ltr'>lucis</span> 
     </span>
     <span class='ocr_line' id='line_1_20' title="bbox 97 1790 1441 1855; baseline 0.002 -20"><span class='ocrx_word' id='word_1_122' title='bbox 97 1801 226 1835; x_wconf 87' lang='lat' dir='ltr'>tanta</span> <span class='ocrx_word' id='word_1_123' title='bbox 250 1790 382 1837; x_wconf 79' lang='lat' dir='ltr'>simul</span> <span class='ocrx_word' id='word_1_124' title='bbox 408 1791 606 1839; x_wconf 86' lang='lat' dir='ltr'>affinitas</span> <span class='ocrx_word' id='word_1_125' title='bbox 644 1791 834 1847; x_wconf 89' lang='lat' dir='ltr'>interfit,</span> <span class='ocrx_word' id='word_1_126' title='bbox 877 1804 931 1836; x_wconf 91' lang='lat' dir='ltr'>ut</span> <span class='ocrx_word' id='word_1_127' title='bbox 962 1791 1092 1837; x_wconf 87' lang='lat' dir='ltr'>nulla</span> <span class='ocrx_word' id='word_1_128' title='bbox 1114 1791 1304 1838; x_wconf 88' lang='lat' dir='ltr'>luminis</span> <span class='ocrx_word' id='word_1_129' title='bbox 1331 1793 1388 1838; x_wconf 90' lang='lat' dir='ltr'>il-</span> <span class='ocrx_word' id='word_1_130' title='bbox 1439 1852 1441 1855; x_wconf 18' lang='grc' dir='ltr'><strong><em>ι</em></strong></span> 
     </span>
     <span class='ocr_line' id='line_1_21' title="bbox 97 1861 1389 1929; baseline 0.002 -21"><span class='ocrx_word' id='word_1_131' title='bbox 97 1861 306 1910; x_wconf 88' lang='lat' dir='ltr'>lustratio</span> <span class='ocrx_word' id='word_1_132' title='bbox 344 1864 515 1929; x_wconf 88' lang='lat' dir='ltr'>absque</span> <span class='ocrx_word' id='word_1_133' title='bbox 547 1863 645 1927; x_wconf 84' lang='lat' dir='ltr'>ejus</span> <span class='ocrx_word' id='word_1_134' title='bbox 669 1864 894 1912; x_wconf 88' lang='lat' dir='ltr'>concursu</span> <span class='ocrx_word' id='word_1_135' title='bbox 922 1866 1120 1921; x_wconf 86' lang='lat' dir='ltr'>eveniat,</span> <span class='ocrx_word' id='word_1_136' title='bbox 1164 1865 1389 1912; x_wconf 87' lang='lat' dir='ltr'>credibile</span> 
     </span>
     <span class='ocr_line' id='line_1_22' title="bbox 98 1933 1391 1998; baseline 0.003 -19"><span class='ocrx_word' id='word_1_137' title='bbox 98 1933 162 1979; x_wconf 90' lang='lat' dir='ltr'>est</span> <span class='ocrx_word' id='word_1_138' title='bbox 177 1935 236 1980; x_wconf 93' lang='lat' dir='ltr'>ab</span> <span class='ocrx_word' id='word_1_139' title='bbox 255 1934 351 1998; x_wconf 86' lang='lat' dir='ltr'>ejus</span> <span class='ocrx_word' id='word_1_140' title='bbox 371 1935 710 1982; x_wconf 88' lang='lat' dir='ltr'>abundantiore</span> <span class='ocrx_word' id='word_1_141' title='bbox 726 1935 809 1981; x_wconf 92' lang='lat' dir='ltr'>sub</span> <span class='ocrx_word' id='word_1_142' title='bbox 825 1935 971 1994; x_wconf 85' lang='lat' dir='ltr'>diem,</span> <span class='ocrx_word' id='word_1_143' title='bbox 995 1936 1038 1981; x_wconf 89' lang='lat' dir='ltr'>in</span> <span class='ocrx_word' id='word_1_144' title='bbox 1059 1937 1300 1982; x_wconf 84' lang='lat' dir='ltr'>communi</span> <span class='ocrx_word' id='word_1_145' title='bbox 1322 1952 1391 1983; x_wconf 89' lang='lat' dir='ltr'>at-</span> 
     </span>
    </p>

    <p class='ocr_par' dir='ltr' id='par_1_4' title="bbox 65 2006 1397 2441">
     <span class='ocr_line' id='line_1_23' title="bbox 65 2006 1391 2073; baseline 0.005 -21"><span class='ocrx_word' id='word_1_146' title='bbox 65 2069 69 2073; x_wconf 32' lang='lat'>·</span> <span class='ocrx_word' id='word_1_147' title='bbox 101 2006 405 2070; x_wconf 86' lang='lat' dir='ltr'>mospherico‚</span> <span class='ocrx_word' id='word_1_148' title='bbox 423 2010 578 2072; x_wconf 88' lang='lat' dir='ltr'>copia,</span> <span class='ocrx_word' id='word_1_149' title='bbox 602 2011 869 2058; x_wconf 88' lang='lat' dir='ltr'>universum</span> <span class='ocrx_word' id='word_1_150' title='bbox 885 2011 1011 2057; x_wconf 78' lang='lat' dir='ltr'>Vitae</span> <span class='ocrx_word' id='word_1_151' title='bbox 1026 2010 1391 2059; x_wconf 83' lang='lat' dir='ltr'>excitamentum</span> 
     </span>
     <span class='ocr_line' id='line_1_24' title="bbox 104 2079 1394 2148; baseline 0.003 -21"><span class='ocrx_word' id='word_1_152' title='bbox 104 2079 277 2128; x_wconf 86' lang='lat' dir='ltr'>inferri.</span> <span class='ocrx_word' id='word_1_153' title='bbox 347 2085 470 2148; x_wconf 82' lang='lat' dir='ltr'>Qae</span> <span class='ocrx_word' id='word_1_154' title='bbox 495 2083 706 2131; x_wconf 74' lang='lat' dir='ltr'>similiter</span> <span class='ocrx_word' id='word_1_155' title='bbox 738 2101 846 2131; x_wconf 90' lang='lat' dir='ltr'>cum</span> <span class='ocrx_word' id='word_1_156' title='bbox 871 2085 1157 2142; x_wconf 78' lang='lat' dir='ltr'>acidificcmte,</span> <span class='ocrx_word' id='word_1_157' title='bbox 1189 2085 1263 2130; x_wconf 83' lang='lat' dir='ltr'>seu</span> <span class='ocrx_word' id='word_1_158' title='bbox 1290 2085 1394 2131; x_wconf 87' lang='lat' dir='ltr'>oxi-</span> 
     </span>
     <span class='ocr_line' id='line_1_25' title="bbox 105 2153 1395 2221; baseline 0.004 -22"><span class='ocrx_word' id='word_1_159' title='bbox 105 2153 216 2216; x_wconf 85' lang='lat' dir='ltr'>gina</span> <span class='ocrx_word' id='word_1_160' title='bbox 261 2153 375 2217; x_wconf 89' lang='lat' dir='ltr'>ejus,</span> <span class='ocrx_word' id='word_1_161' title='bbox 429 2172 572 2219; x_wconf 87' lang='lat' dir='ltr'>quam</span> <span class='ocrx_word' id='word_1_162' title='bbox 620 2158 885 2221; x_wconf 84' lang='lat' dir='ltr'>nuperiores</span> <span class='ocrx_word' id='word_1_163' title='bbox 933 2157 1102 2203; x_wconf 81' lang='lat' dir='ltr'>Phifici</span> <span class='ocrx_word' id='word_1_164' title='bbox 1144 2158 1395 2221; x_wconf 88' lang='lat' dir='ltr'>appellant,</span> 
     </span>
     <span class='ocr_line' id='line_1_26' title="bbox 107 2226 1397 2294; baseline 0.004 -22"><span class='ocrx_word' id='word_1_165' title='bbox 107 2226 331 2290; x_wconf 88' lang='lat' dir='ltr'>qualitate</span> <span class='ocrx_word' id='word_1_166' title='bbox 350 2227 558 2276; x_wconf 81' lang='lat' dir='ltr'>faciunt:</span> <span class='ocrx_word' id='word_1_167' title='bbox 602 2231 780 2276; x_wconf 85' lang='lat' dir='ltr'>tametsi</span> <span class='ocrx_word' id='word_1_168' title='bbox 804 2231 928 2277; x_wconf 88' lang='lat' dir='ltr'>enim</span> <span class='ocrx_word' id='word_1_169' title='bbox 964 2230 1147 2294; x_wconf 86' lang='lat' dir='ltr'>proprie</span> <span class='ocrx_word' id='word_1_170' title='bbox 1187 2244 1233 2277; x_wconf 90' lang='lat' dir='ltr'>ct</span> <span class='ocrx_word' id='word_1_171' title='bbox 1259 2231 1304 2277; x_wconf 89' lang='lat' dir='ltr'>in</span> <span class='ocrx_word' id='word_1_172' title='bbox 1327 2232 1397 2279; x_wconf 90' lang='lat' dir='ltr'>se-</span> 
     </span>
     <span class='ocr_line' id='line_1_27' title="bbox 110 2299 1397 2367; baseline 0.004 -21"><span class='ocrx_word' id='word_1_173' title='bbox 110 2300 224 2364; x_wconf 89' lang='lat' dir='ltr'>ipso,</span> <span class='ocrx_word' id='word_1_174' title='bbox 242 2299 288 2346; x_wconf 89' lang='lat' dir='ltr'>id</span> <span class='ocrx_word' id='word_1_175' title='bbox 314 2316 460 2362; x_wconf 84' lang='lat' dir='ltr'>genus</span> <span class='ocrx_word' id='word_1_176' title='bbox 486 2302 618 2356; x_wconf 81' lang='lat' dir='ltr'>aeris,</span> <span class='ocrx_word' id='word_1_177' title='bbox 639 2303 826 2350; x_wconf 90' lang='lat' dir='ltr'>acidum</span> <span class='ocrx_word' id='word_1_178' title='bbox 851 2305 943 2351; x_wconf 81' lang='lat' dir='ltr'>dici</span> <span class='ocrx_word' id='word_1_179' title='bbox 964 2316 1180 2367; x_wconf 84' lang='lat' dir='ltr'>nequeat,</span> <span class='ocrx_word' id='word_1_180' title='bbox 1207 2305 1397 2351; x_wconf 86' lang='lat' dir='ltr'>acidum</span> 
     </span>
     <span class='ocr_line' id='line_1_28' title="bbox 111 2375 1395 2441; baseline 0.003 -20"><span class='ocrx_word' id='word_1_181' title='bbox 111 2388 267 2422; x_wconf 85' lang='lat' dir='ltr'>tamen</span> <span class='ocrx_word' id='word_1_182' title='bbox 293 2375 527 2433; x_wconf 86' lang='lat' dir='ltr'>efformat,</span> <span class='ocrx_word' id='word_1_183' title='bbox 569 2394 664 2441; x_wconf 91' lang='lat' dir='ltr'>quo</span> <span class='ocrx_word' id='word_1_184' title='bbox 692 2378 830 2426; x_wconf 89' lang='lat' dir='ltr'>semel</span> <span class='ocrx_word' id='word_1_185' title='bbox 855 2380 1035 2426; x_wconf 85' lang='lat' dir='ltr'>idoneae</span> <span class='ocrx_word' id='word_1_186' title='bbox 1062 2379 1154 2426; x_wconf 82' lang='lat' dir='ltr'>basi</span> <span class='ocrx_word' id='word_1_187' title='bbox 1188 2379 1395 2439; x_wconf 78' lang='lat' dir='ltr'>consoci-</span> 
     </span>
    </p>
   </div>
   <div class='ocr_carea' id='block_1_4' title="bbox 113 2452 1400 2584">
    <p class='ocr_par' dir='ltr' id='par_1_5' title="bbox 113 2452 1400 2584">
     <span class='ocr_line' id='line_1_29' title="bbox 113 2452 1399 2516; baseline 0.003 -20"><span class='ocrx_word' id='word_1_188' title='bbox 113 2465 230 2498; x_wconf 88' lang='lat' dir='ltr'>atur.</span> <span class='ocrx_word' id='word_1_189' title='bbox 305 2453 479 2497; x_wconf 85' lang='lat' dir='ltr'>Annon</span> <span class='ocrx_word' id='word_1_190' title='bbox 528 2452 618 2498; x_wconf 87' lang='lat' dir='ltr'>huc</span> <span class='ocrx_word' id='word_1_191' title='bbox 660 2452 867 2499; x_wconf 85' lang='lat' dir='ltr'>fimiliter</span> <span class='ocrx_word' id='word_1_192' title='bbox 903 2453 1153 2516; x_wconf 82' lang='lat' dir='ltr'>gallicinia,</span> <span class='ocrx_word' id='word_1_193' title='bbox 1204 2466 1250 2500; x_wconf 90' lang='lat' dir='ltr'>et</span> <span class='ocrx_word' id='word_1_194' title='bbox 1291 2470 1399 2516; x_wconf 88' lang='lat' dir='ltr'>gar-</span> 
     </span>
     <span class='ocr_line' id='line_1_30' title="bbox 114 2516 1400 2584; baseline 0.004 -23"><span class='ocrx_word' id='word_1_195' title='bbox 114 2517 235 2563; x_wconf 88' lang='lat' dir='ltr'>rulas</span> <span class='ocrx_word' id='word_1_196' title='bbox 261 2516 416 2563; x_wconf 88' lang='lat' dir='ltr'>avium</span> <span class='ocrx_word' id='word_1_197' title='bbox 441 2534 556 2581; x_wconf 83' lang='lat' dir='ltr'>pene</span> <span class='ocrx_word' id='word_1_198' title='bbox 576 2519 892 2566; x_wconf 80' lang='lat' dir='ltr'>universarum</span> <span class='ocrx_word' id='word_1_199' title='bbox 907 2537 1044 2567; x_wconf 88' lang='lat' dir='ltr'>voces</span> <span class='ocrx_word' id='word_1_200' title='bbox 1061 2521 1247 2583; x_wconf 86' lang='lat' dir='ltr'>longas,</span> <span class='ocrx_word' id='word_1_201' title='bbox 1272 2521 1400 2584; x_wconf 72' lang='lat' dir='ltr'>quasi</span> 
     </span>
    </p>
   </div>
   <div class='ocr_carea' id='block_1_5' title="bbox 64 2591 1107 2656">
    <p class='ocr_par' dir='ltr' id='par_1_6' title="bbox 64 2591 1107 2656">
     <span class='ocr_line' id='line_1_31' title="bbox 64 2591 1107 2656; baseline 0.002 -18"><span class='ocrx_word' id='word_1_202' title='bbox 64 2639 73 2656; x_wconf 26' lang='grc' dir='ltr'><strong>ς</strong></span> <span class='ocrx_word' id='word_1_203' title='bbox 114 2591 316 2639; x_wconf 85' lang='lat' dir='ltr'>Aurorae</span> <span class='ocrx_word' id='word_1_204' title='bbox 340 2606 490 2639; x_wconf 85' lang='lat' dir='ltr'>moras</span> <span class='ocrx_word' id='word_1_205' title='bbox 520 2592 791 2649; x_wconf 88' lang='lat' dir='ltr'>incusantes,</span> <span class='ocrx_word' id='word_1_206' title='bbox 824 2593 1062 2642; x_wconf 86' lang='lat' dir='ltr'>transferas</span> <span class='ocrx_word' id='word_1_207' title='bbox 1091 2595 1107 2640; x_wconf 88' lang='lat'>?</span> 
     </span>
    </p>
   </div>
   <div class='ocr_carea' id='block_1_6' title="bbox 1065 2741 1404 2792">
    <p class='ocr_par' dir='ltr' id='par_1_7' title="bbox 1065 2741 1404 2792">
     <span class='ocr_line' id='line_1_32' title="bbox 1065 2741 1404 2792; baseline -0.012 -1"><span class='ocrx_word' id='word_1_208' title='bbox 1065 2759 1148 2792; x_wconf 61' lang='grc' dir='ltr'>ιο.</span> <span class='ocrx_word' id='word_1_209' title='bbox 1188 2741 1404 2790; x_wconf 62' lang='lat' dir='ltr'>Profecto</span> 
     </span>
    </p>
   </div>
  </div>
 </body>
</html>
