1871 3211
361 267 1065 322 SANORUM.
1292 270 1351 319 61

63 421 186 456 novo
209 407 470 473 prodeunt:
516 405 545 452 si
572 405 653 469 qui
679 419 836 453 autem
864 404 982 451 intra
1019 403 1120 450 haee
1145 416 1358 465 tempora.

62 483 335 544 neutiquam
360 479 652 526 curationem
674 478 923 541 recipiunt,
963 477 1037 522 vel
1059 477 1203 523 etiam
1231 477 1356 520 exas-

61 562 299 612 perantur,
342 547 371 593 ii
399 546 492 593 fere
519 546 575 591 ad
609 562 781 591 annum
808 544 1078 608 perdurant.
1152 543 1213 590 Et
1238 541 1357 603 ejul-

62 614 188 662 modi
226 614 422 677 quidem
465 612 792 674 tempestatum
832 610 1063 666 transitus,
1120 626 1216 674 quo
1258 625 1360 654 nia—

53 685 156 751 jore
181 687 480 749 regularitate
518 685 654 740 fiunt,
682 683 829 745 major
846 683 1055 730 similiter
1078 684 1356 731 morborum

62 761 334 824 regularitas
361 759 552 815 accidit,
595 772 641 805 et
671 775 696 805 e
722 771 882 804 contra

136 918 212 964 13.
252 899 530 965 Cujusmodi
557 898 857 961 periodorum
884 897 1223 944 reversionibus
1249 896 1363 944 stata

62 973 194 1022 Anni
231 971 505 1035 tempestate
544 970 887 1028 obtinentibus,
930 969 1194 1018 consimiles
1239 971 1365 1034 pari-

65 1057 153 1100 ter,
202 1043 304 1107 post
341 1059 518 1090 annum
545 1043 786 1106 adaequate
826 1057 1132 1099 revertentes,
1171 1045 1365 1089 morbo-

66 1132 173 1162 rum
199 1115 370 1180 species
403 1115 586 1178 alligari
628 1116 891 1162 verosimile
935 1117 1017 1173 est,
1053 1115 1184 1179 cujus
1208 1115 1366 1163 census

68 1186 134 1233 sat
158 1187 296 1234 multi
321 1186 587 1244 laudantur,
631 1188 869 1252 Epilepsia
895 1188 1126 1251 imprimis
1148 1187 1182 1244 ⁶,
1228 1190 1367 1252 Apo-

67 1259 238 1323 plexia,
269 1272 315 1305 et
339 1257 539 1305 consocii
565 1260 742 1306 cerebri
768 1261 994 1325 affeetusf
1038 1262 1258 1324 Podagra
1283 1261 1367 1310 eti-

69 1350 162 1390 am,
200 1346 246 1380 et
271 1348 554 1395 congeneres
580 1330 621 1378 ei
656 1334 823 1380 morbo
850 1350 1087 1389 aerumnae,
1124 1336 1368 1390 Arthritis‚

69 1407 206 1454 dolor
229 1406 479 1461 Iscliiades,
529 1418 574 1451 et
595 1405 976 1452 Rheumatismus
1018 1423 1071 1452 ea
1102 1407 1221 1468 saepe
1259 1408 1370 1453 rati-

70 1496 159 1528 one
183 1480 336 1527 denuo
362 1479 584 1541 ingruunt
606 1497 616 1525 :
645 1480 905 1540 eademque
926 1477 1073 1526 ferme
1098 1479 1214 1526 ratio
1239 1493 1370 1526 cuta-

72 1571 269 1603 neorum
294 1554 565 1601 morborum
586 1553 664 1610 est,
691 1569 809 1617 quos
830 1554 964 1609 inter,
989 1566 1182 1617 propter
1207 1553 1370 1600 adfec-

73 1639 147 1674 tus
171 1625 561 1690 singularitatem,
603 1625 793 1689 ejusque
835 1625 1119 1672 circuituum
1158 1626 1372 1673 constan-

74 1696 206 1756 tiam,
231 1699 408 1747 eminet
441 1699 580 1746 rubra
600 1698 677 1745 illa
702 1700 907 1758 macula,
949 1699 1185 1764 utriusque
1210 1718 1374 1748 manus

77 1774 212 1822 dorso
237 1774 450 1830 insidens,
494 1789 603 1838 quae
627 1774 802 1821 saevum
830 1775 944 1822 illud
968 1776 1263 1839 aegritudinis
1290 1794 1376 1839 ge-

79 1861 164 1894 nus
189 1848 351 1910 paucis
390 1847 489 1909 post
529 1847 657 1893 annis
682 1848 937 1909 portendit,
980 1849 1111 1911 quod
1141 1849 1378 1912 Alpinum

79 1921 366 1968 Scorbutum
391 1922 465 1969 Cl.
493 1921 729 1984 Pujattus‚
772 1934 818 1968 et
849 1923 1123 1969 Odoardius
1159 1924 1378 1972 nomina—

80 2007 263 2040 verunt.
334 1994 409 2039 Eo
451 1993 680 2056 siquidem
705 1993 900 2056 vestigio
943 1993 985 2040 se
1030 1996 1239 2058 primum
1278 1996 1380 2044 dira

79 2065 308 2130 ejusmodi
356 2065 488 2110 lues⁷
528 2065 743 2121 ostendit,
794 2067 1027 2114 mensibus
1077 2068 1258 2117 Martio
1299 2081 1381 2115 aut

128 2230 146 2252 ⁶
177 2229 285 2268 Novi
304 2231 509 2279 ostiarium,
536 2230 695 2283 jamque
717 2231 817 2270 ultra
844 2246 926 2271 xxx
949 2232 1069 2271 aetatis
1102 2248 1245 2274 annum
1266 2250 1389 2275 emen·

77 2291 169 2337 sum,
201 2289 269 2340 qui
303 2289 380 2328 fere
415 2306 435 2328 a
463 2293 678 2341 pubertate,
725 2291 884 2342 lingulis
916 2293 1036 2339 annis,
1089 2293 1148 2332 die
1181 2296 1272 2334 festo
1293 2296 1388 2335 Nat.

78 2349 118 2387 S,
139 2348 177 2398 J.
194 2346 381 2397 Baptistae,
413 2348 639 2399 epilepticus
667 2350 795 2396 fiebat,
834 2349 1048 2399 cujusmodi
1068 2351 1272 2391 miseranda
1291 2369 1392 2393 rnor-

67 2408 118 2445 ‘bi
153 2407 427 2446 ιοηίιιεῑιιάῐηε
460 2409 553 2460 εῇυε,
576 2421 685 2460 pater
709 2408 868 2462 junque
902 2412 1166 2451 laboraverat:
1198 2414 1268 2465 qui
1301 2429 1392 2453 curn

81 2466 193 2517 plura
222 2466 403 2505 incastum
436 2480 586 2515 contra,
623 2468 897 2508 medicamenta
912 2471 1127 2522 sumpsisset,
1158 2470 1227 2510 vix
1248 2487 1393 2513 annum

83 2526 204 2564 aetatis
225 2527 452 2579 vigesimum
473 2529 627 2567 tertium
651 2530 843 2582 attigerat.

137 2592 151 2614 7
180 2589 221 2625 V
225 2591 318 2639 iilgo
336 2592 386 2627 P
385 2592 540 2637 ··‘,··lla2221‚
577 2604 734 2657 propter
754 2593 932 2630 deciduas
965 2607 987 2631 a
1014 2593 1118 2632 fusco
1135 2594 1298 2634 rubente
1316 2612 1393 2635 ma-

86 2647 188 2694 cula,
220 2648 538 2700 lublequentibus
571 2651 692 2697 annis,
733 2652 962 2703 iquainmas.
1018 2652 1137 2691 Conf.
1164 2657 1315 2704 Dfflrt.
1343 2658 1401 2695 del

84 2708 158 2801 ἔξω
184 2708 242 2747 D.
273 2710 410 2761 quobo
443 2711 608 2749 ΟΊῧ-ἱιαιτῖ
637 2712 676 2747 ai
694 2726 763 2749 mm
781 2714 875 2764 θύει]
866 2728 892 2750 e
903 2714 1122 2765 particolare
1151 2716 1190 2752 di
1218 2715 1395 2755 Scorbuto.

125 2779 215 2804 nez:
214 2771 256 2806 ’.α

1205 2825 1388 2887 Aprile,
