1871 3211
441 350 534 385 200
667 335 782 413 DE
851 335 1034 384 VIT.
1104 334 1490 383 PERIOD.

502 485 586 528 41.
613 469 707 517 Sed
733 469 953 517 ditissima
977 468 1059 517 sub
1083 469 1457 517 menstruationis
1483 469 1573 516 fine
1594 483 1720 514 mor-

437 543 610 594 borum
634 543 779 603 sedes,
817 560 1045 592 mammas
1068 559 1283 606 occupat,
1323 543 1506 600 Cancri,
1535 557 1723 589 corum-

436 633 529 680 que
552 618 850 674 exulceratio,
893 632 939 664 et
976 618 1313 664 luftuosiffimae
1344 617 1390 662 id
1416 631 1561 679 genus
1586 614 1724 678 aegri-

434 690 610 737 tudinis
659 692 996 748 conversiones,
1045 705 1097 737 ut
1143 704 1307 753 optata
1349 707 1488 745 mors,
1529 688 1726 752 jamque

435 771 591 818 lucem
617 762 800 834 perosas
826 771 941 832 saepe
977 788 1060 832 per
1099 787 1201 816 eam
1239 784 1423 822 aetatem
1450 770 1597 817 finiat.
1670 769 1726 815 In

437 846 612 915 quibus
661 842 1047 889 considerandum
1099 843 1180 897 est,
1238 859 1330 887 non
1378 860 1479 889 raro
1520 844 1728 906 lapideas

436 918 532 966 fere
592 916 800 970 durities,
862 915 978 981 saepe
1029 914 1203 960 intense
1252 916 1545 977 nigricantes‚
1607 914 1728 977 ejus-

434 992 565 1040 modi
597 991 857 1037 fluxionum
897 1003 1055 1035 centro
1095 989 1200 1044 effe,
1246 1005 1342 1052 quo
1382 988 1730 1052 diligentissime

438 1067 486 1112 in
512 1081 704 1112 omnem
740 1078 920 1127 partem
959 1062 1130 1118 exciso,
1170 1062 1265 1108 fere
1303 1062 1614 1109 morientibus
1639 1061 1730 1111 Vi-

435 1154 533 1189 tam
571 1141 726 1188 dcnuo
767 1141 857 1186 Ars
896 1139 1073 1184 tri'ouit.
1147 1138 1255 1193 Sed,
1291 1138 1324 1187 sl
1367 1138 1482 1200 quid
1518 1138 1561 1184 in
1595 1152 1727 1183 cura-

402 1212 412 1218 ’
437 1217 566 1265 tione
591 1215 842 1262 illiusmodi
870 1213 1109 1277 superfuit,
1148 1229 1301 1276 neque
1326 1213 1478 1276 postea
1502 1214 1726 1276 supputa-.-

435 1291 561 1338 tione
595 1291 797 1337 solutum
823 1291 1022 1344 excessit,
1061 1289 1251 1334 morbus
1277 1289 1513 1334 curatione
1538 1289 1726 1350 exaspe-⁴

434 1380 576 1423 ratur,
615 1382 763 1429 neque
804 1365 920 1429 quid
961 1363 1133 1426 sperare
1172 1366 1339 1425 poffint
1368 1364 1587 1429 amplius,
1635 1363 1729 1410 mia

435 1434 543 1490 serae
568 1443 766 1489 habent:
812 1441 936 1505 quasi
975 1441 1212 1504 quidquid
1237 1441 1425 1496 durum,
1463 1456 1509 1486 et
1535 1439 1627 1486 fere
1653 1457 1726 1487 ar-

434 1518 701 1565 dentissimo
726 1518 831 1580 igne
857 1517 1090 1571 coactum,
1127 1531 1441 1564 mammarum
1467 1531 1634 1578 corpus
1654 1515 1727 1562 in-

435 1592 553 1650 ficit,
580 1591 676 1639 solo
703 1591 755 1637 sit
781 1590 996 1637 ssuxionis
1024 1590 1247 1652 Principii
1267 1591 1495 1652 impetum
1516 1588 1727 1641 facientis

437 1666 760 1720 incitamento,
821 1665 1031 1711 {imiliter
1066 1679 1208 1726 atque
1245 1665 1289 1710 in
1335 1665 1575 1728 simpatica
1607 1667 1725 1731 hppi-

435 1741 594 1803 lepsia‚
636 1756 776 1803 quam
818 1739 932 1803 saepe
970 1757 994 1785 a
1035 1741 1201 1786 duritie
1225 1740 1382 1802 aliqua
1424 1741 1467 1786 in
1505 1745 1628 1797 loro,
1677 1742 1724 1790 in

436 1831 531 1879 quo
558 1815 738 1877 incipit,
767 1815 1104 1876 procedentem
1135 1814 1227 1860 fcre
1255 1815 1535 1876 imposiibilc
1567 1834 1728 1866 curare

435 1890 499 1936 est
518 1888 570 1946 ²⁸,
617 1889 698 1935 nisi
723 1888 871 1934 excisa
909 1906 961 1934 ea
998 1889 1196 1936 morbosl
1236 1887 1528 1938 incitamenti
1555 1894 1723 1942 caussa.
1760 1911 1769 1928 κ

434 1964 666 2010 Praeterea
692 1964 977 2010 notissimum
1015 1964 1094 2018 est,
1132 1976 1361 2027 quantum
1393 1965 1551 2022 exitio,
1591 1967 1726 2016 fimul

435 2053 489 2084 ac
524 2053 714 2085 externo
748 2039 838 2084 aeri
858 2038 1003 2084 libera
1029 2039 1074 2085 in
1101 2042 1339 2089 Cancrum
1368 2044 1439 2089 via
1464 2043 1632 2104 patuit,
1652 2043 1723 2091 sit.

434 2111 611 2158 Praeter
635 2113 760 2159 enim
782 2113 1141 2175 copiosisfiniam
1173 2131 1227 2161 co
1265 2131 1480 2181 tempore
1515 2117 1723 2166 resorbti-

434 2202 592 2245 onem,
652 2190 773 2234 unde
815 2189 1025 2235 axillares
1071 2190 1305 2251 glandulae
1341 2194 1475 2240 enixe
1522 2206 1724 2256 tument,¹

438 2259 543 2306 inde
603 2263 742 2309 etiam
801 2264 905 2325 plus
951 2278 1178 2326 perpetuo
1234 2267 1425 2313 morbus
1483 2265 1724 2330 exaspera-

436 2344 528 2390 tur,
577 2349 622 2381 et
655 2336 779 2400 quasi
805 2336 929 2384 Vita:
965 2337 1119 2383 omnis
1161 2353 1335 2394 centro,
1371 2355 1417 2386 et
1460 2341 1638 2403 impetu
1675 2343 1723 2390 in

437 2421 540 2453 eam
586 2425 764 2471 partem
810 2424 1114 2473 congregato,
1174 2411 1406 2476 quidquid
1456 2415 1723 2464 mistrrimae

437 2478 602 2539 edunt,
623 2497 700 2530 aut
721 2485 907 2542 bibunt,
930 2498 1006 2530 aut
1028 2484 1297 2542 irascuntur,
1335 2488 1569 2553 quidquid
1585 2490 1720 2548 deni-2

749 2682 786 2705 2⁸
814 2682 930 2723 Conf.
953 2696 1031 2724 not.
1054 2699 1115 2736 24.
1141 2700 1229 2739 pag.
1254 2699 1338 2737 194,
