1871 3211
362 239 1068 290 SANoRUM
1304 260 1364 307 47

80 370 136 420 lis
176 370 406 421 mensibus
436 370 646 436 spiritalis
692 371 950 436 cujuspiam
990 373 1227 437 principii,
1271 377 1372 424 lau·

80 446 200 495 tiore
237 445 357 492 intra
397 461 570 510 corpus
615 445 947 509 resumptione,
992 448 1038 494 in
1076 448 1212 496 statas
1238 454 1369 512 quas-

78 518 186 566 dam
211 531 430 566 motuum
469 519 792 566 conversiones
819 520 1080 567 viventium
1123 521 1267 569 solida
1291 541 1367 570 01·-

79 590 233 639 dinate
267 593 544 656 comparari,
578 592 657 639 vix
694 606 850 640 tamen
877 594 975 657 ejus
1000 595 1046 641 in
1072 612 1265 659 corpore
1289 599 1373 644 ad-

79 663 392 717 ditamentum
417 665 704 715 aestimabilis
741 667 961 730 ponderis
1005 669 1111 716 loco
1136 669 1222 716 efle
1249 673 1374 734 poffe

82 738 308 786 credibile
351 740 450 788 est:
487 740 545 788 de
582 739 755 806 quibus
795 741 914 789 infra
952 743 1135 807 copiose
1174 746 1374 808 egimus.

82 812 223 861 Certe
267 814 405 861 unius
448 828 527 862 aut
567 814 753 861 alterius
793 816 927 865 librae
959 817 1005 864 in
1028 818 1237 881 pondere
1262 837 1377 884 aug-

81 899 298 935 mentum
324 887 462 935 facile
486 888 659 952 pluries
685 889 730 935 in
756 890 909 938 mense
952 892 1162 950 recurrit,
1201 907 1254 941 ut
1294 898 1375 943 vix

85 960 372 1008 menstruam
399 962 514 1009 hanc
559 962 776 1026 ponderis
810 964 1098 1013 additionem
1135 967 1378 1016 ordinatis-

84 1033 268 1091 simam,
296 1034 354 1082 ad
373 1034 664 1100 singulorum
684 1036 915 1084 mensium
934 1038 1153 1101 periodos
1172 1041 1378 1089 multum

83 1107 240 1154 valere
289 1110 511 1157 credibile
551 1110 620 1158 s1t.
703 1110 881 1157 Praeter
925 1128 1046 1175 quae,
1097 1130 1207 1160 cum
1250 1117 1380 1163 nulla

86 1179 201 1227 inita
225 1180 278 1228 sit
296 1198 321 1228 a
339 1183 580 1230 Sanctorio
601 1182 907 1230 absorbtionis
929 1185 1278 1250 atmosphericae
1303 1207 1378 1236 ra·-

87 1254 170 1311 tio,
203 1255 547 1318 plurajamque
577 1257 623 1302 in
664 1254 763 1319 ejus
788 1258 1082 1320 Aphorismis
1106 1261 1372 1310 desideran-

90 1342 182 1383 tur,
236 1343 345 1391 quae
392 1328 664 1376 tutiffimam
708 1345 763 1375 ea
803 1329 851 1375 in
893 1346 956 1386 re,
1004 1332 1115 1378 Veri
1165 1350 1381 1384 normam

90 1402 352 1452 ostendant.
494 1392 499 1403 ¹

165 1568 240 1602 10.
276 1552 356 1598 An
382 1549 575 1615 quidem
599 1549 854 1614 periodicae
875 1550 995 1598 intra
1015 1553 1237 1612 mensem,
1260 1573 1383 1605 mor-

94 1628 265 1675 borum
288 1625 588 1682 reversiones,
632 1625 898 1689 quidquam
932 1629 991 1674 ab
1018 1630 1153 1676 aufto
1187 1631 1268 1678 sub
1310 1634 1383 1680 in-

95 1700 289 1749 vafionis
328 1713 558 1764 tempore,
602 1701 806 1763 corporis
847 1702 1052 1764 pondere
1084 1720 1383 1765 mutuentur,

90 1887 128 1926 in
150 1886 351 1927 Medicinae
381 1887 589 1927 utilitatem
620 1887 851 1937 optimorum
884 1900 1223 1941 quorumcumque
1250 1891 1398 1941 judicio

17 1946 21 1950 ’
91 1945 312 1991 contulerit,
341 1946 415 1985 five
436 1949 513 1994 sua,
535 1946 611 1984 five
631 1960 719 1997 quae
738 1945 881 1983 Galeni
900 1956 1019 1992 erant,
1036 1944 1177 2000 'exque
1196 1950 1397 1991 hominum

93 2003 275 2043 memoria
295 2004 580 2051 interciderant,
612 2003 851 2054 usurpaverit
885 2008 1042 2060 (caeter‘a
1071 2021 1238 2058 namque
1260 2010 1400 2050 Gram-

92 2064 323 2102 maticorum
352 2065 479 2114 potius
515 2065 612 2109 sunt,
652 2076 769 2114 quam
808 2062 1143 2114 Philosophorum,
1187 2080 1284 2118 quos
1310 2069 1399 2120 jure

92 2125 296 2178 Sapientiae
311 2125 604 2164 decentiffimum
619 2123 683 2172 est,
705 2123 877 2176 undique
894 2124 1088 2173 veritates,
1112 2141 1283 2179 quarum
1297 2133 1397 2170 nulli

93 2185 265 2237 privatus
306 2185 394 2222 usus
427 2184 662 2230 conceditur,
702 2183 898 2233 colligere,
930 2193 966 2220 et
1002 2190 1258 2238 congregare)
1281 2234 1284 2235 ⁷
1308 2204 1399 2230 cum

95 2246 257 2297 inquam
292 2245 474 2295 praeclara
517 2254 650 2282 extent
698 2242 884 2280 Sanftorii
929 2242 967 2281 in
1007 2243 1065 2282 Re
1102 2246 1258 2285 Medica
1294 2252 1404 2289 meri.

95 2318 147 2353 ta,
178 2305 245 2342 vix
273 2304 486 2358 quidquam
517 2308 680 2344 Seckero
713 2304 751 2341 in
789 2303 870 2354 ejus
900 2304 953 2341 rei
1001 2306 1174 2346 examine
1206 2308 1400 2352 debemus.

98 2366 292 2405 (faeterum
311 2378 450 2417 praeter
481 2366 688 2405 Seckerum
724 2363 789 2402 alii
822 2364 948 2412 etiarn,
970 2367 1116 2425 tametsi
1140 2381 1230 2419 erga
1249 2369 1403 2410 saneto.

100 2428 200 2465 rium
220 2426 402 2473 mitiores,
424 2427 524 2465 inter
544 2440 642 2479 quos
664 2424 727 2464 Ill.
758 2425 917 2473 Simson‚
954 2439 1095 2464 meram
1114 2429 1242 2478 potius
1262 2433 1408 2472 Aucto.

101 2482 150 2520 ris
184 2482 415 2533 opinionem,
444 2497 560 2535 quam
602 2482 768 2520 stabilem
806 2483 970 2520 Naturae
1003 2486 1141 2534 legem,
1175 2488 1407 2530 menstruum

61 2546 64 2552 ’
100 2541 197 2579 istud
240 2542 416 2594 ponderis
455 2554 702 2594 augmentum
739 2541 1034 2580 astimaverunt.
1105 2543 1404 2593 Cont1·a·‚suu;n

38 2636 41 2637 γ
101 2601 299 2644 δειηᾶὶοιὶο
325 2602 534 2652 adjunxere
555 2602 743 2652 judicium
780 2602 952 2652 praeclari
979 2603 1021 2642 in
1048 2605 1143 2643 Arte
1174 2607 1248 2646 viri
1267 2610 1399 2661 Mead,

104 2661 252 2708 Freind‚
281 2672 318 2708 et
338 2661 520 2712 nuperius
536 2662 650 2700 etiarn
668 2662 731 2700 Ill.
759 2661 815 2699 De
836 2663 960 2701 Haen.

321 2749 335 2773 a
1264 2742 1399 2791 aptus
