1871 3211
431 281 1140 330 SANORUM.
1380 299 1433 346 51

145 414 275 478 quod
302 413 671 464 manifestissima
717 414 814 480 ejus
851 414 938 461 sint
974 415 1019 462 in
1063 413 1271 462 foeminis
1320 430 1443 463 tem—

140 504 271 552 pora,
297 492 459 554 paullo
483 491 752 538 obscuriora
780 493 823 537 in
839 489 965 546 viris,
994 489 1046 535 iis
1073 489 1283 554 exceptis
1320 507 1440 552 quos

134 563 212 610 vel
255 564 504 631 sanguinea
531 568 673 616 fluxio
710 566 784 613 vel
814 565 1001 612 alterius
1036 566 1216 628 generis
1243 567 1441 612 mutatio

131 639 386 700 regulatim
422 641 552 687 omni
595 639 751 688 mense
790 640 1001 704 corripit.
1075 639 1216 686 Certe
1258 639 1442 686 decima

133 726 300 775 quarta
319 715 435 771 dies,
457 731 563 779 quae
579 716 735 762 media
755 713 900 761 ferme
921 713 1294 761 menstruationis
1315 727 1438 760 tem-

131 801 245 849 pora
260 791 608 854 compleffitur,
625 802 933 844 recurrentes,
950 806 1033 852 per
1049 790 1276 836 mensium
1295 789 1438 835 inter-

132 861 259 909 valla
275 865 463 912 morbos
483 878 530 911 et
555 866 710 911 denuo
731 863 882 920 affert,
910 876 957 909 et
980 862 1105 909 sanat
1122 861 1155 884 ¹⁸
1183 863 1435 925 plurimos:

132 933 345 985 slmiliter
375 953 518 1003 atque
561 939 821 985 multarum
855 938 994 1001 plane
1042 936 1348 984 foeminarum
1375 938 1437 984 est

132 1008 217 1057 sub
243 1014 475 1059 mensium
499 1014 834 1060 medietatibus
858 1012 1013 1058 denuo
1051 1026 1184 1058 utero
1210 1012 1398 1074 purgari
1419 1035 1434 1066 ς

131 1097 285 1146 neque
323 1086 546 1134 rariffima
580 1086 682 1133 sunt
706 1087 988 1150 Ephemerae
1025 1084 1183 1141 febris,
1230 1101 1338 1149 quae
1364 1085 1433 1132 bis

131 1153 179 1202 in
206 1158 379 1215 mense,
406 1160 790 1222 quattuordecim
828 1158 995 1205 diebus
1021 1157 1318 1222 interpofitiS,
1359 1174 1433 1204 re-

130 1230 256 1288 deat,
285 1233 618 1280 Dichomenen
645 1233 818 1289 dixere,
862 1234 1097 1296 exempla.
1144 1233 1267 1280 Aliis
1290 1233 1431 1280 etiarn

129 1302 328 1367 septimo
355 1306 525 1369 quovis
541 1306 635 1362 die,
662 1306 850 1370 singulis
877 1322 1047 1369 nempe
1073 1307 1429 1363 Hebdomadis,

129 1378 364 1426 menstrua
391 1393 656 1436 moventur,
684 1393 728 1426 et
759 1379 954 1443 quidem
979 1380 1210 1438 ordinate,
1253 1394 1304 1426 ut
1331 1395 1432 1427 cre-

128 1453 278 1501 dibile
321 1454 375 1502 sit
415 1455 678 1502 viventium
722 1455 867 1502 solida
903 1454 1100 1518 septenis
1144 1456 1286 1503 etiam
1328 1456 1432 1502 die-

129 1542 234 1573 rum
259 1527 536 1584 intervallis,
579 1528 779 1592 regulari
821 1529 1026 1591 quadam
1063 1541 1283 1576 motuum
1320 1545 1431 1591 pro—

128 1602 372 1663 greffione,
434 1601 478 1648 in
524 1602 689 1649 datum
739 1601 859 1648 illud
899 1601 1044 1666 usque
1087 1617 1252 1649 acmen
1302 1603 1428 1659 ferri,

127 1673 258 1736 quod
277 1688 328 1722 ut
344 1675 552 1738 primum
571 1674 1032 1739 attingunt,jamque
1048 1691 1196 1722 novus
1209 1690 1429 1723 motuum

126 1747 243 1794 ordo
293 1750 389 1805 fiat,
452 1749 710 1813 exindeque
761 1750 1136 1797 menstruationis
1184 1750 1425 1813 exemplo,

171 1933 202 1954 ¹⁸
233 1930 421 1971 Periodici
437 1934 668 1986 capillorum
688 1934 825 1973 micstus
846 1935 1003 1986 singulis
1024 1933 1336 1986 quattuordecim
1357 1933 1434 1972 die⁵

118 1991 192 2030 bus
212 1994 444 2031 recurrentis
471 1995 791 2041 observationem,
825 1994 984 2046 ejusque
1016 1995 1051 2031 se
1072 1993 1200 2032 testem
1219 1993 1311 2031 citat
1329 1994 1432 2032 Tul-

119 2052 219 2102 pius,
246 2053 331 2105 Obsi
352 2056 453 2092 Med.
471 2054 564 2094 Lib.
594 2057 646 2093 ΙΙ.
702 2055 911 2093 Asthmatis
943 2055 1176 2106 paroxiiinos
1198 2066 1233 2092 et
1261 2054 1432 2093 anxieta-

119 2122 192 2160 tes,
218 2114 531 2166 quattuordecim
550 2115 699 2153 dierum
718 2115 971 2153 interlabente
1000 2115 1221 2162 intervailo,
1253 2116 1348 2166 ssepe
1375 2129 1431 2152 re-

119 2174 219 2211 verti
240 2175 391 2213 monuit
415 2176 622 2225 praeclarus
653 2174 777 2213 morbi
788 2175 1001 2213 Historieus
1021 2176 1083 2213 Ill.
1105 2175 1422 2226 Floyerus-The

104 2234 175 2284 fits
197 2236 329 2287 zficast'y
349 2241 532 2288 returning
545 2252 622 2274 once
641 2241 677 2273 in
696 2251 719 2272 a
741 2236 1081 2289 fiN'lnl'gk‘t-Clmp-
1102 2235 1127 2274 i.
1144 2246 1198 2288 op.
1219 2241 1279 2274 cir.
1308 2236 1432 2286 cujus-

120 2293 223 2333 modi
251 2294 483 2344 periodicam
516 2295 640 2334 morbi
672 2297 937 2342 reversionem,
973 2295 1108 2333 iterata
1134 2295 1317 2333 niensium
1347 2297 1430 2334 suc-

98 2344 289 2400 'ceffione,
310 2353 506 2392 verificavi
531 2356 570 2393 in
590 2357 723 2393 vetula
741 2356 975 2402 asthmmica,
996 2355 1055 2404 cuj
1065 2370 1118 2399 us,
1145 2354 1234 2392 alibi
1251 2355 1430 2394 morbum

118 2412 335 2464 percensui.
392 2415 649 2454 Heinicraniae
671 2415 855 2462 similiter,
879 2416 993 2453 tertia
1013 2415 1170 2462 decima,
1193 2427 1259 2454 aut
1279 2417 1429 2455 decima

121 2484 264 2525 quarta
304 2473 441 2525 quavis
480 2477 612 2514 mensis
634 2476 694 2514 die
734 2475 1031 2521 constandffime,
1071 2489 1091 2512 a
1117 2475 1240 2514 tribus
1267 2476 1428 2529 jamque

121 2532 228 2570 annis
249 2534 478 2572 recurrentis
498 2537 717 2586 exemplum
737 2536 857 2573 habui
875 2535 915 2572 in
933 2547 1054 2578 uxore
1072 2536 1213 2574 Veneti
1227 2536 1428 2587 cujusdam

123 2591 273 2632 Parisiis
287 2595 583 2632 commorantis:
616 2607 766 2641 caetera,
795 2609 882 2646 quae
911 2594 956 2632 ad
974 2605 1176 2633 acutorum
1207 2597 1431 2634 morborum

121 2651 162 2689 in
195 2666 282 2690 eum
315 2652 415 2690 diem
451 2653 541 2692 fines
580 2655 782 2705 pertinent,
821 2654 905 2693 vide
938 2654 977 2693 in
1012 2656 1136 2708 Consp.
1167 2657 1275 2694 Βίαν.
1298 2658 1428 2694 Critic.

111 2714 235 2755 Pars·-
259 2713 289 2750 Ῑ.
320 2712 406 2762 [Νὴ
430 2714 457 2751 ἶ.

711 2767 752 2813 E
793 2781 820 2814 2
1171 2766 1425 2814 Fluxiones
