1871 3211
406 217 1098 270 SANORUM.
1339 240 1394 289 17

101 354 285 412 abscissa
308 375 438 427 parte
463 360 634 426 aliqua,
674 361 771 426 ejus
802 361 1105 410 nihilominus
1140 361 1286 412 sensus
1311 367 1397 414 ali-

101 437 289 503 quando
313 435 527 484 distincte
548 435 776 499 superfuit
796 453 807 482 z
835 437 1008 499 licque,
1025 449 1077 482 ut
1102 448 1267 482 caetera
1291 440 1397 485 mit-

103 525 218 567 tam,
270 525 399 558 tanta
425 510 676 573 aliquando
717 510 807 557 fuit
842 511 1174 557 nonnullorum
1199 504 1398 559 odorum

99 585 295 642 acuties,
334 597 386 631 ut
422 584 524 649 post
551 599 695 630 annos
723 585 883 640 etiam,
923 601 1002 646 per
1035 585 1138 631 loca
1163 584 1399 632 transeun-

97 673 182 717 tes,
230 660 276 707 in
336 659 508 725 quibus
563 675 642 706 eos
684 661 886 723 graviter
926 658 1277 717 subolfecimus,
1320 677 1399 709 eos

99 735 268 792 rursus,
306 735 438 782 nullo
457 735 628 790 adhue,
656 735 879 799 ejusmodi
911 736 1137 781 odorante
1161 735 1395 799 prmcipio

90 809 316 866 exstante,
358 809 688 873 percipiamus.
762 811 874 856 Non
922 809 1064 872 igitur
1087 809 1295 858 materiae
1328 810 1398 856 fe-

99 882 235 930 brilis
278 882 428 930 fomes
454 883 631 946 semper
655 883 820 947 praesto
855 883 909 929 fit
944 896 1149 946 oportet,
1181 896 1232 930 ut
1256 882 1397 931 febris

98 956 274 1014 redeat,
309 957 697 1021 quandoquidem
744 957 1056 1004 confimilium
1091 969 1312 1004 motuum
1352 957 1399 1004 in

98 1030 318 1076 machina
349 1029 570 1088 reverfio,
612 1029 867 1094 aliquando
911 1030 1041 1077 nulla
1067 1031 1296 1077 materiali
1322 1031 1395 1078 in-

104 1096 376 1143 tercedente
402 1097 570 1153 cauffa,
610 1098 771 1144 locum
805 1097 961 1146 habet.

169 1243 216 1291 6.
265 1244 400 1306 Saepe
425 1243 567 1289 etiam
593 1242 832 1289 consuetas
869 1243 1044 1290 alicubi
1069 1245 1301 1290 motiones
1323 1245 1398 1292 di·

102 1318 369 1364 verfiffimae
387 1330 434 1362 et
457 1315 602 1363 ferme
629 1315 856 1379 oppofitae
881 1316 1000 1361 inter
1023 1316 1065 1362 se
1090 1316 1254 1363 cauffae
1279 1317 1399 1363 inci-

102 1401 224 1436 tant:
274 1389 333 1436 fic
358 1389 651 1436 stomachum
677 1389 882 1435 emetico
909 1403 1043 1435 antea
1080 1388 1195 1452 saepe
1220 1391 1399 1438 lacessi-

102 1470 225 1512 tum,
269 1456 671 1503 medicamentum
696 1455 907 1502 deorsum
933 1472 1138 1518 purgans
1171 1456 1318 1504 rursus
1341 1459 1399 1506 ad

101 1531 341 1577 vomitum
367 1530 476 1576 ciet.
537 1530 714 1577 Contra
735 1547 745 1575 ε
769 1529 896 1576 statae
927 1529 1241 1592 quarumdam
1265 1530 1400 1578 hora-

101 1620 208 1651 rum
236 1603 596 1651 consuetudines
633 1618 937 1667 percurantur
971 1604 1246 1668 aliquando,
1285 1622 1399 1653 con-

101 1678 330 1726 fimilium
349 1692 572 1726 motuum
598 1680 689 1726 alio
707 1679 799 1726 diei
820 1693 1032 1743 tempore
1052 1679 1263 1727 adhibito
1284 1681 1399 1727 inci-

103 1764 335 1799 tamento.
409 1752 620 1817 Qidam
646 1754 790 1815 longa
815 1753 1031 1800 matutini
1058 1753 1261 1801 vomitus
1286 1769 1401 1801 con-

101 1826 340 1876 suetudine
366 1829 638 1878 tenebatur:
687 1830 815 1876 nulla
853 1830 964 1876 huic
1005 1830 1242 1876 medicina
1287 1847 1399 1893 pro-

86 1900 220 1955 ,fuitz
263 1902 412 1948 donec
438 1902 520 1949 sub
549 1902 754 1966 vespere,
777 1898 871 1949 levi
890 1903 1051 1965 pluma
1074 1901 1230 1950 fauces
1249 1903 1398 1966 prori-

104 1988 240 2034 taret,
283 1988 332 2022 et
354 1974 616 2038 vespertino
641 1977 826 2023 vomitu
853 1976 1138 2023 matutinum
1162 1973 1354 2024 sedaret.

173 2137 222 2184 7.
260 2121 509 2169 Creditum
534 2123 728 2188 quidem
755 2121 874 2168 olim
899 2120 963 2168 est
1003 2121 1222 2168 ciborum
1250 2122 1401 2169 cocti-

107 2211 264 2250 onem,
296 2195 452 2241 triduo
488 2197 773 2260 interpofit0‚
815 2195 1045 2257 integram
1070 2207 1116 2241 et
1140 2194 1186 2241 in
1210 2211 1402 2243 omnem

109 2270 230 2318 effici
256 2282 468 2331 partem:
498 2268 632 2333 cujus
650 2269 889 2316 sententiae
915 2266 1263 2331 Hippocratem
1290 2285 1401 2317 cum

107 2356 273 2408 quarto
291 2342 349 2388 de
374 2339 562 2392 Morbis
579 2344 698 2391 libro
723 2343 960 2390 auctorem
981 2342 1178 2389 faciunt.
1226 2345 1350 2406 Qae
1369 2343 1402 2390 fi

110 2416 419 2481 Hippocratis
444 2415 563 2474 sunt,
612 2418 748 2464 facile
775 2416 1070 2478 intelligitur,
1112 2432 1195 2462 cur
1236 2433 1404 2463 nume-

109 2506 269 2539 rorum
296 2488 632 2545 validissimum
652 2492 698 2538 in
722 2489 898 2537 morbis
924 2489 1144 2537 Tertium
1163 2495 1178 2518 ¹
1208 2489 1244 2537 is
1269 2489 1402 2537 dixe-

496 2649 511 2692 .¹
540 2649 656 2704 Epid.
675 2649 763 2690 Lib.
783 2650 834 2689 Π.
851 2650 938 2701 χρῆ.
954 2632 1020 2688 vi(

142 2709 247 2757 Vox.
275 2710 341 2759 ΙΙ.
699 2710 740 2756 C
1314 2707 1372 2754 rit
1394 2722 1406 2751 ι
