1871 3211
379 239 1072 294 CAUSSIS.
1277 250 1369 302 207

84 397 217 430 crura
227 378 453 436 habuisse,
470 377 651 441 aliaque
664 375 826 441 spinali
837 374 1051 424 Infantiae
1063 373 1229 421 morbo
1239 387 1384 436 quam

89 457 320 522 proxima,
346 455 474 520 quod
497 455 544 501 in
563 452 848 499 nobilissimo
867 452 990 510 viro,
1010 465 1120 497 cum
1136 448 1384 496 Florentiae

85 531 326 595 degerem,
354 529 471 576 vidi.
517 526 719 589 Propius
743 526 1053 588 grandiorum
1079 536 1191 571 natu
1217 523 1383 568 ossium

85 607 357 664 mollitiem,
390 618 444 652 ut
479 618 598 649 cerae
617 600 754 648 instar
778 600 899 646 flefti
925 599 1184 663 potuerint,
1220 612 1382 643 exem-

40 665 46 672 ·
86 680 178 744 plis
225 681 636 731 confirmaverunt,
688 673 955 729 Hollerius‚
1001 669 1288 733 Rolfingius‚
1336 680 1384 715 et

85 755 302 803 Ruellius
327 755 380 803 ³³.
449 751 717 800 Notiffimae
757 747 879 803 sunt,
909 762 1039 810 ·quae
1085 746 1144 791 de
1185 744 1383 791 foemina

85 821 276 885 Soupiot‚
311 820 500 885 aliisque
527 823 735 869 similiter
756 834 889 868 utero
913 819 1197 884 gerentibus,
1242 818 1387 865 histo-

94 899 174 948 riae
196 912 455 954 narrantur,
489 911 543 943 ut
569 897 676 943 inde
702 897 839 945 multi
866 892 1165 951 crediderint,
1208 893 1255 940 id
1279 910 1389 957 gra-

89 973 299 1022 viditatis
338 971 588 1018 univerfim
622 970 862 1035 proprium
887 970 994 1026 effe,
1036 982 1089 1015 ut
1131 967 1389 1015 mulierum

92 1048 151 1094 ab
176 1047 282 1094 inde
307 1045 404 1092 offa
428 1043 737 1092 mollescant:
764 1043 893 1108 quod
918 1043 950 1089 fi
970 1058 1137 1089 verum
1162 1042 1243 1098 est,
1269 1057 1389 1087 con-

86 1122 288 1173 similem
329 1121 375 1166 in
417 1119 508 1178 his,
558 1132 697 1183 atque
724 1120 770 1166 in
810 1117 1044 1181 postremo
1068 1116 1213 1164 virilis
1237 1116 1388 1163 aetatis

92 1198 314 1255 termino,
365 1198 597 1244 rationem
644 1196 849 1243 constare
864 1195 1050 1260 judico,
1100 1195 1390 1242 internorum

89 1288 259 1337 nempe
283 1274 410 1320 Vitae
435 1286 669 1329 motuum,
704 1285 894 1336 propter
917 1271 1215 1318 debilitatem
1238 1282 1389 1316 exter-

92 1365 280 1405 norum,
318 1348 692 1396 incrementum:
735 1348 862 1413 quod
905 1348 1052 1395 simile
1088 1347 1222 1410 supra
1247 1345 1390 1392 etiam

91 1424 152 1470 de
178 1422 341 1470 Pueris
365 1423 587 1470 diximus.

163 1584 242 1634 54.
278 1569 420 1619 Certe
446 1569 692 1635 podagrici
719 1568 934 1627 insultus,
969 1568 1145 1634 quique
1173 1567 1227 1615 iis
1253 1580 1391 1628 prox-

95 1640 189 1691 ime
226 1657 391 1691 natura
439 1642 808 1707 conjunguntur,
844 1643 1098 1699 ischiadici,
1137 1656 1183 1689 et
1227 1639 1393 1687 arthri-

94 1717 192 1775 tici,
229 1734 332 1764 eam
359 1720 569 1765 maxime
594 1732 782 1765 aetatem
810 1717 1044 1775 infestant,
1085 1716 1256 1780 eosque
1300 1713 1392 1759 im-

97 1791 259 1854 primis
284 1792 500 1854 Podagra
525 1792 731 1855 impetit,
769 1808 976 1854 quorum
1001 1791 1145 1839 ditior
1169 1791 1232 1838 est
1256 1788 1395 1837 offifi-

98 1864 236 1922 cati0,
299 1878 347 1911 et
393 1865 632 1928 splendide
679 1879 812 1911 antea
862 1866 1122 1922 valuerunt,
1184 1863 1392 1928 quosque

99 1949 346 2000 propterea
371 1937 518 1983 divite
545 1936 638 1983 vita
660 1936 860 1992 functos,
889 1953 1037 2000 neque
1063 1938 1395 1989 Haemorrhoi-

74 2005 197 2068 'des‚
219 2028 370 2076 neque
396 2012 545 2058 fluxus
573 2011 819 2069 varicosus,
846 2013 1026 2076 aliaque
1044 2012 1394 2076 sanguinearum

103 2085 367 2133 fluxionum
404 2100 588 2149 genera,
619 2103 726 2149 quae
752 2103 1016 2150 numquam
1042 2104 1135 2135 non
1161 2104 1270 2135 cum
1311 2093 1396 2138 ali-

102 2174 195 2222 qua
219 2159 345 2205 Vitae
370 2158 613 2206 debilitate
629 2158 910 2222 junguntur,
933 2173 1065 2206 antea
1090 2159 1209 2223 saepe
1236 2161 1398 2210 saltem

103 2232 446 2296 corripuerunt,
486 2250 594 2296 quae
627 2233 814 2296 egregia
854 2233 916 2280 est
960 2234 1148 2281 Sthaalii
1186 2235 1397 2281 animad-

100 2306 265 2355 verfio.
317 2310 476 2371 Qam
509 2310 571 2355 ob
608 2310 809 2356 cauffam
834 2308 1011 2355 obortis
1041 2310 1398 2358 haemorrhoidi-

105 2382 209 2438 bus,
254 2397 333 2428 aut
360 2384 581 2430 adhibitis
617 2399 879 2447 opportune
904 2383 1212 2444 hirudinibus,
1252 2387 1398 2448 poda--

111 2455 268 2519 gricos
311 2456 503 2504 insultus
545 2458 744 2520 mitigari
789 2459 1030 2507 inventum
1079 2460 1175 2516 est3
1224 2477 1398 2524 magno

106 2545 313 2595 namque
340 2530 580 2590 consensU,
618 2532 800 2580 tametsi
825 2535 1038 2596 cpposita
1080 2534 1299 2598 utrinque
1326 2552 1396 2581 ra·

444 2720 478 2742 ³⁰
500 2716 615 2758 Conf.
637 2718 849 2769 Haguenot
871 2721 913 2759 de
927 2721 1068 2764 Nata-i..
