1871 3211
488 271 576 320 12⁴8
713 265 828 320 DE
895 261 1535 321 VIT.·PER10D.

481 403 644 452 multis
683 405 809 454 Vitae
845 407 936 454 suae
972 405 1382 452 consuetudinibus
1406 404 1571 462 desint,
1607 402 1764 465 perio-

480 479 664 534 dorum,
706 495 822 542 quas
867 479 1236 536 nominavimus,
1275 477 1548 540 regularitas
1585 472 1765 538 aliquid

481 551 804 614 intercipitur:
847 552 1043 598 multam
1069 566 1224 598 tamen
1249 550 1446 614 superest
1469 551 1617 598 adhuc
1658 563 1762 611 par-

479 639 575 672 tem
599 644 609 672 :
637 627 878 690 multaque
905 627 949 673 in
976 627 1029 673 iis
1057 627 1113 673 ati
1134 639 1379 690 perpetuas
1408 625 1501 671 diei
1528 623 1764 685 noctisque

476 699 809 746 vicissitudines
835 698 998 745 referre
1024 693 1199 746 necesie
1225 699 1301 756 est,
1329 705 1437 763 quae
1461 700 1714 747 minimum
1737 706 1762 743 a,

478 759 854 835 proprio‘morbi
881 773 1115 835 principio
1140 773 1364 835 pendent.

541 933 623 980 45.
663 917 772 964 Rite
799 917 957 979 igitur,
984 934 1091 964 cum
1118 933 1290 979 magna
1311 918 1427 965 adeo
1451 934 1560 982 erga
1584 918 1762 965 anima-

476 986 595 1038 lium
619 994 798 1046 Vitam,
842 993 937 1038 luci
978 992 1173 1055 potestas
1211 994 1420 1038 concessa
1455 993 1525 1048 fit,
1569 1008 1645 1038 eos
1677 1010 1765 1055 op·—

475 1065 616 1110 timos
638 1064 957 1125 Hippocrates
982 1066 1110 1111 locos
1132 1064 1265 1119 dixit,
1302 1080 1419 1126 quos
1443 1066 1534 1112 late
1559 1065 1640 1111 Sol
1665 1066 1763 1111 cola·-

480 1137 662 1192 lustrat3
690 1136 945 1200 sanumque
967 1139 1027 1184 est
1045 1138 1166 1185 Celsi
1188 1138 1429 1184 confilium
1447 1139 1605 1186 lucido
1630 1139 1764 1186 habi-

472 1222 569 1257 tare
615 1209 830 1256 aedificio.
926 1210 1004 1257 Sic
1058 1227 1247 1274 quoque
1302 1210 1622 1259 deambulatio
1677 1211 1762 1261 sub

473 1284 606 1340 divo,
644 1283 838 1346 plusque
881 1285 1020 1330 etiam
1063 1284 1109 1330 in
1153 1284 1278 1337 Sole,
1320 1284 1352 1330 fi
1390 1299 1528 1349 caput
1572 1281 1760 1349 patiti'ir,

472 1371 613 1418 quam
638 1355 683 1401 in
708 1358 890 1412 umbra,
918 1357 1229 1421 antiquissimo
1255 1356 1514 1404 Medicinae
1528 1370 1764 1422 praecepto

473 1428 651 1474 sanitati
678 1430 804 1476 utilis
830 1430 922 1475 est:
963 1429 1124 1477 unctio
1164 1431 1327 1477 itidem
1367 1431 1443 1476 vel
1482 1432 1527 1478 in
1570 1431 1662 1478 sole
1685 1432 1761 1479 vel

472 1503 530 1548 ad
563 1502 739 1565 ignem,
775 1504 1092 1568 balneumque
1118 1504 1165 1551 in
1192 1504 1403 1553 conclavi
1423 1518 1468 1551 et
1488 1505 1597 1562 alto,
1618 1518 1665 1552 et
1687 1504 1759 1550 lu-

473 1575 598 1632 cido,
626 1589 672 1621 et
696 1576 903 1639 spatiosO.

536 1724 617 1781 46.
645 1724 822 1787 Neque
847 1724 1042 1778 minora,
1069 1738 1213 1787 quam
1245 1724 1292 1770 in
1318 1725 1510 1788 integra,
1549 1724 1758 1773 constant

471 1796 516 1842 in
542 1798 807 1843 valetudine
835 1796 1038 1852 adversa,
1056 1797 1171 1843 lucis
1197 1796 1441 1856 beneficia,
1472 1809 1578 1860 qua?
1600 1814 1756 1846 remo-

469 1870 636 1916 tissima
662 1869 845 1932 jamdiu
887 1869 1163 1931 Antiquitas
1203 1869 1339 1916 vidit.
1412 1871 1586 1916 Praeter
1631 1872 1756 1918 enim

468 1943 740 2005 usurpatum
764 1942 876 1988 olim
895 1942 1190 1989 Methodicis
1217 1943 1478 1998 confilium,
1505 1957 1557 1989 ut
1580 1943 1611 1990 ii
1634 1945 1754 2002 luce,
1775 1949 1777 1951 ’

467 2014 708 2078 etjejunio
733 2015 906 2061 utiliter
945 2031 1094 2078 aegros
1135 2015 1398 2078 fatigantes,
1440 2017 1660 2063 morbum
1703 2035 1758 2066 ea

469 2088 599 2133 {imul
626 2088 803 2134 ratione
831 2101 1146 2144 extenuarent,
1180 2090 1244 2136 nil
1270 2089 1408 2136 etiam
1433 2106 1662 2154 pert-eque,
1685 2105 1755 2138 at·

466 2178 558 2225 que
599 2164 680 2209 lux
711 2163 939 2209 invalidos
983 2164 1234 2227 aliquando
1276 2164 1457 2210 reficit:
1498 2178 1551 2210 ut
1575 2165 1754 2214 calatis

467 2249 513 2281 et
537 2238 705 2299 amplis
729 2236 932 2284 fenestris
958 2236 1004 2283 in
1032 2237 1187 2285 cubile
1214 2237 1422 2296 admissa,
1450 2238 1575 2300 quasi
1601 2238 1752 2304 sump⁴

467 2315 516 2347 to
557 2304 786 2362 cardiaco,
826 2318 1038 2362 actutum
1075 2303 1326 2365 resurgant,
1353 2303 1541 2368 fereque
1567 2320 1675 2352 cum
1700 2322 1761 2360 ea¹

466 2376 680 2445 universo
704 2394 898 2440 corpore
918 2378 1077 2426 Vitam
1105 2378 1283 2424 haurire
1309 2378 1569 2424 videantur.
1614 2381 1761 2442 Qo-.

467 2463 570 2493 rum
596 2449 639 2495 in
670 2450 785 2498 lucis
811 2450 1014 2510 stimulo,
1049 2453 1248 2500 caussam
1286 2453 1461 2500 includi
1494 2445 1759 2503 verosimile

464 2522 544 2569 est.

1365 2689 1446 2737 47.
1487 2641 1743 2724 Frietiiones
