1871 3211
452 313 1140 363 CAUSSIS.
1344 329 1433 365 211

153 443 247 492 fere
273 446 469 493 Naturae
493 447 654 502 duem,
684 449 926 496 nonnullas
952 449 1130 495 Gentes
1170 446 1213 492 in
1242 449 1440 509 pestoris

153 519 347 577 morbiS‚
392 519 449 566 ad
473 520 749 568 rubedinem
770 523 1098 584 aegrotantium
1137 521 1325 566 brachia
1358 520 1440 568 fri-

153 607 273 650 care,
300 609 451 656 eoque
477 594 636 641 auxilii
662 612 844 658 genere,
889 595 1144 642 maximam
1185 593 1440 640 curationis

149 677 330 729 partem
375 666 628 715 absolvere.
703 671 876 716 Praeter
918 683 1039 731 quae,
1092 664 1442 727 sanguinearum

149 753 343 802 quoque
382 741 641 789 fluxionum
670 742 874 789 indebite
922 740 1256 802 suppreffarum
1297 739 1437 794 vices,

148 813 268 877 saepe
287 815 621 864 Extremorum
648 830 806 862 tumor
831 815 1013 878 implet.
1085 814 1161 859 Sic
1193 813 1444 875 aliquando

149 901 351 946 tument,
399 904 444 936 et
491 892 742 937 rubescunt
789 908 878 937 non
920 888 1230 944 menstruatis,
1278 887 1441 952 iisque,

148 962 321 1025 quibus
348 980 440 1010 non
466 966 554 1012 rite
580 965 970 1013 Haernorrhoides
996 963 1277 1027 procedunt.

217 1115 298 1163 60.
336 1114 650 1165 Observatum
700 1131 891 1181 quoque
940 1117 1021 1175 est,
1073 1116 1321 1170 Castratos‚
1364 1113 1443 1177 qui

149 1203 467 1255 praeterquam
491 1194 727 1240 difficilius
752 1193 922 1239 laxiore
948 1206 1051 1238 cute
1078 1192 1263 1255 spirent,
1293 1190 1445 1237 minus

151 1282 344 1330 quoque
370 1266 619 1314 universim
663 1269 850 1315 thorace
889 1266 1062 1323 valent,
1102 1265 1332 1330 frequenti
1371 1265 1444 1310 in-

150 1339 392 1387 fernorum
440 1355 624 1389 artuum
676 1341 951 1388 flacciditate
998 1340 1141 1386 infici.
1213 1340 1251 1387 Ii
1297 1353 1446 1396 certe,

151 1413 327 1478 quibus
365 1415 494 1461 nulla
521 1415 734 1478 genitura
766 1415 1015 1461 conficitur
1039 1413 1114 1460 vel
1141 1412 1449 1460 moderatim-

150 1503 245 1545 ma,
270 1487 365 1535 fere
390 1504 614 1554 perpetuo
651 1490 859 1536 denfiore
902 1502 1008 1535 cute
1050 1487 1168 1544 sunt,
1211 1499 1264 1532 ut
1304 1503 1446 1549 prop·

151 1574 277 1608 terea
317 1563 476 1609 debita
503 1563 637 1626 hujus
671 1563 847 1619 raritas,
891 1562 1144 1625 plurimum
1172 1575 1282 1606 cum
1310 1557 1447 1606 semi-

152 1636 271 1683 nalis
298 1637 517 1701 principii
545 1638 781 1685 afflvitate
805 1636 946 1684 faciat
972 1637 1025 1683 ³².

217 1784 297 1830 61.
336 1785 510 1831 Annon
552 1800 664 1847 ergo
709 1800 766 1831 ex
806 1798 948 1848 prava
977 1774 1284 1830 Nascentium
1323 1791 1444 1834 cute,

150 1871 295 1920 quam
319 1872 376 1901 ex
402 1855 647 1902 invalentis
673 1857 834 1903 matris
873 1869 1006 1901 utero
1031 1852 1200 1908 ferunt,
1238 1851 1447 1914 primum

151 1933 345 1996 quidem
377 1931 600 1995 spirabilis
628 1930 848 1994 mephitis
883 1930 930 1976 in
958 1929 1208 1992 pulmones
1248 1927 1449 1972 reflefti-
1500 1975 1509 1980 ,

151 2016 242 2060 tur,
273 2004 419 2071 iisque
441 2018 608 2068 praeter
632 2004 779 2051 aetatis
818 2003 1048 2049 rationem
1075 2011 1322 2063 prepterea
1347 2014 1450 2050 am-

152 2078 324 2141 pliatis,
367 2077 476 2125 inde
517 2078 746 2126 costarum
789 2077 1093 2130 elevationes,
1135 2088 1180 2120 et
1221 2077 1448 2137 perverllae

149 2153 354 2199 thoracis
403 2166 449 2201 et
477 2153 618 2216 spinae
659 2150 908 2200 curvitates
951 2153 1072 2198 fiunt
1102 2166 1121 2194 :‘
1160 2149 1449 2214 tandemque

151 2227 391 2290 pulmonis
428 2227 508 2274 via
550 2227 606 2272 ad
647 2225 866 2288 appulsus
901 2225 996 2270 vim
1043 2223 1237 2286 impare,
1294 2239 1449 2287 eoque

150 2299 210 2348 ad
246 2313 454 2348 extrema
496 2299 701 2363 corporis
750 2298 1003 2354 concitato,
1047 2311 1232 2343 artuum
1273 2298 1446 2344 exinde

199 2489 238 2512 32
270 2487 387 2524 Extat
420 2483 638 2535 hujusmodi
663 2484 770 2522 locus
807 2483 846 2521 in
879 2481 967 2521 Lib.
999 2484 1061 2521 De
1091 2485 1185 2523 Nat.
1214 2485 1328 2521 Puer.
1349 2483 1456 2534 quod

145 2558 280 2596 nempe
309 2561 375 2597 quo
402 2550 559 2599 primum
582 2549 752 2596 genitura
784 2544 906 2594 confici
924 2548 1083 2594 caperit,
1113 2558 1195 2581 caro
1227 2545 1386 2593 rarescit,
1420 2553 1453 2580 et

144 2607 298 2646 cuticula
329 2617 361 2642 et
387 2619 491 2642 venae
517 2610 629 2656 magis
654 2609 873 2657 apri-imitar,
905 2614 991 2642 ante
1023 2617 1111 2656 quae
1129 2600 1307 2652 scriptum
1329 2612 1450 2649 extat,

147 2664 207 2703 ubi
224 2665 428 2716 Epidermis
445 2663 617 2717 posterius
635 2668 791 2716 ruffi-it,
823 2663 873 2700 ibi
882 2665 955 2715 pili
974 2677 1104 2717 quaque
1123 2660 1290 2714 pesterius
1309 2663 1456 2711 nasi-uu.

149 2740 211 2767 tm·
233 2732 270 2768 in
287 2737 397 2767 mento
415 2737 447 2765 et
457 2726 561 2780 pube,
588 2736 620 2764 et
638 2729 764 2776 quovis
784 2725 856 2760 alio
874 2724 957 2763 loco.

789 2790 826 2836 P
862 2805 888 2838 2
1017 2803 1021 2806 ·
1283 2785 1446 2833 distor-
