1871 3211
393 244 1377 312 CAUSSIS.143

163 392 209 441 9.
247 380 422 426 Verum
465 390 638 435 autem,
688 378 864 425 tametsi
907 394 1001 425 non
1044 379 1202 434 multi,
1248 382 1380 442 quod

88 444 314 508 diximus,
353 450 537 499 fuerunt
563 466 736 511 tamen,
774 454 854 517 qui
897 453 972 500 sua
1007 453 1053 499 in
1090 452 1135 498 id
1161 456 1379 515 praeciare

91 523 235 573 studia
258 526 556 588 contulerint,
593 527 710 574 inter
741 543 879 589 quos,
912 540 965 574 ut
985 528 1178 574 Veteres
1205 526 1379 583 meam,

91 615 210 664 quos
236 599 352 646 nihil
380 599 568 647 istorum
588 601 853 664 praeteriiffe
876 615 1011 664 puto,
1048 616 1139 646 non
1165 600 1384 662 plurimis

91 678 149 725 ab
175 678 286 726 hinc
313 679 442 726 annis
469 680 693 743 Floyerus
727 681 962 737 inclaruit,
997 682 1232 736 omnium,
1259 695 1380 742 quos

91 751 201 814 legi,
228 753 606 816 diligentissimus
623 753 848 818 ejusmodi
865 756 1250 803 observationum
1272 770 1384 800 auc-

91 837 163 872 tor
183 841 229 872 et
259 827 398 874 testis.
463 828 508 874 Is
529 829 701 875 etenim
720 829 959 893 perspicue
980 829 1255 876 animalium
1276 843 1383 875 mo-

89 913 224 948 tuum
259 902 594 958 conversiones,
633 903 752 967 saepe
784 920 877 960 eas,
912 920 1018 968 quae
1051 904 1161 951 coeli
1182 903 1383 967 tempes-

89 988 232 1022 tatem
294 990 525 1023 mutarent
564 980 596 1033 ⁵‚
652 979 920 1042 praeeedere
980 979 1113 1035 dixit,
1180 978 1386 1041 sumpta-

88 1064 182 1112 que
227 1066 285 1096 ex
336 1051 424 1097 illis
466 1052 639 1099 indicia
690 1053 851 1107 tutius,
895 1065 941 1099 et
976 1053 1188 1108 celerius,
1236 1067 1383 1115 quam

88 1137 346 1171 aerometra
375 1126 617 1188 quaelubet
642 1126 697 1172 ad
719 1126 764 1172 id
790 1127 960 1173 valere.
1031 1127 1113 1173 Ad
1155 1142 1278 1188 quae,
1305 1125 1382 1172 sua

86 1213 237 1262 neque
277 1216 471 1248 numero
497 1201 748 1256 commeta,
787 1217 939 1264 neque
980 1199 1258 1247 instucstuosa
1299 1218 1385 1247 cu-

87 1272 321 1319 rationum
398 1275 632 1335 exempla,
693 1275 938 1336 nuperiore
1006 1286 1140 1320 aetate
1207 1273 1382 1336 adjecit

92 1338 158 1384 A.
214 1339 493 1386 Nannonius
534 1340 764 1401 ingenuus
817 1340 1048 1402 imprimis
1092 1340 1181 1396 vir,
1230 1341 1386 1404 deque

90 1409 425 1458 consultissima
457 1411 707 1458 vulnerum
748 1412 1039 1466 traebationffi
1079 1428 1187 1473 quae
1219 1411 1386 1458 solam

88 1484 307 1532 medendi
351 1486 646 1549 [implicitate
688 1486 925 1543 fundatur,
965 1485 1146 1548 optime
1173 1486 1386 1533 meritus.

90 1558 201 1605 Post
217 1576 361 1623 quem
382 1561 476 1617 alii,
513 1561 590 1608 sua
626 1562 672 1608 in
711 1561 829 1608 istud
857 1561 1123 1619 observata,
1167 1560 1390 1610 industrie

90 1647 509 1696 congregaverunt.
597 1635 696 1700 Qi
737 1649 896 1682 tamen
932 1635 979 1682 in
1019 1650 1073 1681 eo
1108 1633 1200 1680 fere
1226 1651 1389 1682 omnes

90 1703 295 1767 fuerunt,
333 1722 384 1755 ut
417 1709 548 1773 quod
576 1709 920 1771 Sydhenamius
957 1721 1004 1755 et
1029 1703 1412 1766 Ramazzinius‚'

90 1781 219 1829 irrito
259 1783 464 1831 succeffu
507 1784 554 1830 in
589 1783 898 1847 popularibus
935 1783 1113 1830 morbis
1158 1781 1387 1844 quaefive-

90 1868 207 1911 rant,
249 1856 279 1901 ii
305 1873 492 1920 quoque
530 1857 734 1919 fingulas
761 1870 1065 1903 externorum
1107 1856 1386 1904 morborum

92 1929 382 1990 apparentias
412 1930 470 1976 ad
494 1929 786 1991 praesentem,
822 1944 965 1991 quem
991 1928 1232 1983 videbant,
1273 1927 1389 1975 aeris

91 2001 257 2048 statum
303 2002 613 2057 traducerent,
657 2002 1013 2064 multorumque
1056 2001 1193 2063 piane
1239 2001 1391 2047 malo-

93 2085 198 2115 rum
224 2069 337 2114 aeris
365 2067 697 2115 humiditatem
735 2068 1017 2122 incusarent,
1056 2083 1162 2130 quae
1187 2065 1282 2112 sola
1306 2083 1387 2131 per

95 2147 154 2204 se,
200 2148 281 2194 vix
305 2148 508 2194 multum
535 2147 784 2194 vulneratis
810 2160 855 2193 et
879 2145 1094 2193 ulcerofis
1122 2146 1286 2192 officit.

143 2347 157 2370 5
187 2346 264 2381 But
284 2343 311 2379 I
322 2342 417 2380 have
442 2345 610 2395 obstr-ved
627 2346 683 2382 the
695 2346 835 2382 animal
830 2347 960 2398 spirits
979 2355 1013 2381 to
1041 2346 1079 2382 be
1106 2361 1198 2382 more
1217 2348 1300 2390 nice,
1327 2343 1402 2381 and

84 2404 221 2457 predii}
251 2402 308 2438 the
341 2404 530 2441 alteration
559 2403 672 2453 bqfhre
696 2403 752 2441 the
780 2404 1060 2454 ‹ramatha-glast.
1105 2404 1259 2453 Treatg‘se
1276 2403 1324 2451 ‘ff
1344 2402 1402 2439 the
1439 2448 1444 2453 .

93 2463 256 2512 Asthwu,
283 2470 360 2512 cap.
390 2462 444 2499 iii.
475 2464 536 2515 85.
590 2464 626 2500 Is
647 2462 761 2500 etiam
792 2462 926 2512 pluvio
946 2462 1106 2500 instante
1125 2463 1237 2508 coelo,
1272 2460 1401 2500 triduo

96 2523 182 2562 ante
218 2522 471 2562 Asthmaticos
512 2525 608 2574 saepe
640 2526 774 2563 vexari
809 2525 959 2562 testatus
1001 2525 1062 2572 est,
1113 2536 1156 2562 ut
1200 2534 1400 2575 propterea

111 2585 256 2624 nsultus
269 2584 452 2624 acerbitas
469 2585 594 2635 potius
615 2596 713 2633 ante,
739 2600 854 2638 quam
869 2587 937 2625 sub
953 2587 1031 2637 ipsa
1048 2585 1183 2636 pluvia
1201 2586 1410 2637 ingrueret.

1090 2723 1185 2756 {O-
1273 2719 1381 2752 Uaoe
