1871 3211
501 311 599 356 204
749 299 865 348 DE
921 301 1106 351 VIT.
1165 303 1552 355 PERIOD.

498 429 683 488 tiffima,
729 449 836 496 quae
877 436 1219 495 circumfertur,
1269 440 1529 488 Democriti
1579 440 1781 490 historia.

498 506 659 570 Qare
683 523 758 554 eos
790 526 896 556 -Jero
931 512 1190 573 proximius
1222 530 1318 560 rem
1345 515 1504 560 vidisse
1528 530 1658 579 puto,
1697 517 1782 585 qui

494 580 725 644 quidquid
754 585 860 632 lnde
885 586 1040 633 refeffi
1062 587 1238 634 Senes
1223 605 1388 650 juvent
1376 591 1484 636 tutis
1511 592 1675 653 gratia,
1700 608 1783 638 va·-

492 654 676 712 lent‚cx
694 657 987 707 blandisfimo
1003 663 1207 724 quodam
1226 678 1312 708 co1
1319 665 1450 709 *moti
1466 681 1622 711 eorum
1638 663 1783 711 animi

490 725 796 776 incitamento
823 733 918 777 flexi
951 731 1191 793 judicant.
1271 737 1357 782 Vix
1384 738 1552 783 etenim
1579 737 1780 786 dubium

489 798 554 845 est
574 801 806 862 percitum
835 803 1074 863 voluptate
1114 806 1321 853 animum
1360 810 1451 856 fere
1478 812 1772 868 reviviscere,

487 885 758 935 tantamque
783 875 840 919 ab
866 874 1023 921 animo
1049 875 1094 920 in
1119 892 1283 939 corpus
1309 880 1479 927 stimuli
1508 885 1606 930 vim
1630 885 1772 931 trans-

486 944 569 999 ire,
604 959 656 991 ut
691 946 924 1010 quidquid
959 946 1170 1010 jucunde
1206 951 1384 998 animus
1421 955 1631 1017 erigitur,
1672 970 1778 1005 tan-

484 1018 679 1065 tundem
735 1021 909 1068 exinde
948 1021 1119 1069 virium
1163 1039 1303 1071 omne
1357 1042 1525 1091 corpus
1571 1028 1778 1094 recipere

484 1091 717 1142 videatur.

548 1245 628 1304 48.
668 1243 845 1290 Verum
869 1255 1026 1291 autem
1051 1246 1250 1308 collapsa
1275 1259 1568 1294 externorum
1592 1247 1771 1296 Absor-
1841 1249 1844 1257 '

478 1316 696 1364 bentium
719 1315 785 1371 vi,
827 1330 955 1363 tanto
998 1317 1286 1364 internorum
1312 1321 1536 1367 virtutem
1562 1319 1765 1379 incitari,

480 1407 576 1438 non
598 1408 745 1438 unum
769 1392 992 1438 monstrat
1028 1394 1321 1456 exemplum.
1390 1396 1466 1442 Sic
1492 1394 1768 1457 rigescente,

476 1465 696 1512 exterrito
723 1466 895 1522 animo,
932 1480 1033 1514 toto
1074 1481 1210 1513 extus
1251 1482 1461 1528 corpore,
1499 1465 1650 1515 subito
1680 1485 1764 1515 ex-

475 1537 597 1584 ficca
619 1537 779 1594 facies,
815 1539 970 1603 ficque
1012 1538 1179 1585 oleosfe.
1214 1539 1462 1594 fruitiones,
1507 1540 1635 1603 quod
1675 1540 1766 1586 ob-

473 1611 700 1658 struftum
725 1611 803 1669 est,
829 1613 1118 1668 obliniendo,
1158 1619 1436 1674 externaque
1459 1611 1516 1656 fic
1542 1612 1764 1668 obduehaez

471 1685 616 1749 partis
639 1684 967 1748 perspirationz²
992 1685 1215 1742 cohibita,
1246 1687 1471 1732 internam
1502 1685 1761 1733 absorbtio,

471 1775 581 1804 nem
607 1757 820 1813 incitant,
861 1774 1013 1821 eoque
1046 1758 1205 1814 modo,
1232 1758 1359 1820 quod
1383 1756 1534 1803 subter
1561 1758 1761 1813 cellula,

470 1831 571 1878 sum
597 1831 843 1877 densatum
869 1831 948 1884 est,
985 1830 1240 1876 resolvitur.
1313 1829 1538 1875 Similiter
1562 1843 1758 1880 contra:

471 1903 588 1950 inter
610 1903 817 1950 validam
855 1902 977 1948 intus
1012 1902 1373 1958 absorbtionem‚
1415 1916 1600 1949 externa
1624 1903 1758 1953 debi-

468 1979 647 2027 litatur.
718 1978 833 2026 Inde
861 1995 973 2025 mox
1006 1976 1106 2040 post
1146 1978 1322 2034 cibum,
1355 1979 1581 2028 nutritivo
1608 1980 1755 2026 halitu
1824 2036 1827 2039 Ι

468 2054 561 2099 late
586 2053 632 2100 in
656 2068 797 2099 omne
823 2068 990 2114 corpus
1015 2053 1140 2098 intus
1166 2053 1414 2114 resumpto,
1453 2067 1638 2099 externa
1671 2053 1755 2100 ab-

468 2128 655 2186 sorbtio,
697 2142 744 2175 et
779 2127 1048 2191 perspiratio
1073 2127 1258 2174 laeditur
1283 2146 1296 2176 ε
1341 2128 1468 2192 quod
1492 2127 1601 2176 alibi
1626 2127 1747 2176 dixi-

467 2218 590 2250 mus.

532 2367 612 2410 49.
652 2349 892 2411 Ejusmodi
919 2348 1128 2395 uberiora
1151 2360 1310 2394 extant
1335 2347 1380 2393 in
1402 2348 1648 2394 Sene&ute
1666 2364 1745 2397 ex-

465 2424 635 2485 empla.
707 2426 864 2486 Qare
899 2422 954 2468 ab
993 2423 1186 2470 exsucca
1225 2437 1385 2468 eorum
1412 2421 1634 2478 cellulari,
1673 2421 1747 2468 ni-.-

463 2513 622 2544 ventes
648 2496 728 2559 pili
754 2500 995 2555 decidunt,
1029 2512 1075 2544 et
1099 2497 1224 2560 rugis
1247 2496 1454 2560 undique
1480 2496 1599 2542 cutis
1643 2513 1744 2543 ara-

462 2586 554 2618 tur.
625 2571 745 2616 Exin
771 2589 960 2634 quoque
994 2571 1121 2617 oculi
1146 2569 1347 2618 minores
1378 2569 1512 2625 fiunt,
1538 2582 1583 2615 et
1608 2584 1744 2616 corn,

461 2650 724 2713 planantur‚
760 2663 803 2695 et
841 2649 1185 2704 introferuntur‚
1226 2665 1426 2712 eamque
1451 2647 1514 2694 ob
1539 2647 1739 2700 cauffam

461 2723 580 2771 nisus
607 2723 856 2781 hebetudo,
897 2740 975 2771 aut
1014 2724 1171 2787 aliqua
1213 2722 1373 2771 saltem
1409 2722 1455 2770 in
1479 2735 1611 2785 parte
1653 2720 1738 2766 de·

1577 2792 1735 2850 feffioffi
