1871 3211
399 198 1187 262 s'AN‘oRuM.'
1340 214 1410 275 59·

114 351 210 398 di't'e
233 337 366 413 porta
390 362 519 394 ruere
543 346 668 410 posse
683 358 848 395 omnes
872 343 1107 391 videntur.
1153 344 1402 406 Qamob·

113 440 210 472 rem
234 435 546 469 recurrentem
569 422 614 468 in
638 421 805 468 morbo
839 418 1253 466 menstruationem
1286 418 1402 464 sumi

113 514 164 545 ea
188 498 362 544 ratione
387 497 515 560 poffe
549 495 784 558 concipio,
828 494 955 557 quasi
998 495 1052 541 sit
1075 491 1311 539 redeuntis
1337 493 1404 538 sa-

112 572 266 619 nitatis
293 572 496 635 signum,
539 568 800 634 cujusmodi
825 569 974 614 sermo
995 569 1050 615 ad
1076 567 1278 631 plurima
1303 567 1407 612 lon-

110 660 172 707 ge
212 644 401 691 crifium
426 644 657 705 exempla,
696 657 803 688 meo
832 642 1036 724 quidem
1063 639 1265 704 judicio,
1293 655 1409 686 con·

111 718 366 765 vertendus
404 717 483 764 est.
556 718 730 780 Neque
770 715 894 762 enim
937 716 984 761 in
1016 714 1286 762 ardentibus
1324 715 1412 760 Fe-

103 768 292 850 bribus,
335 805 412 839 aut
437 791 686 855 pleuritide
710 790 974 838 catamenia
998 791 1216 847 redirent,
1255 790 1336 837 nisi
1363 783 1437 836 in'

114 868 295 915 caeteris
321 867 493 930 pariter
517 867 644 913 Vitae
668 864 994 913 functionibus
1030 866 1087 912 ad
1124 865 1353 912 adsueta
1344 881 1413 910 in-

115 955 263 1005 tegrae
285 940 567 988 valetudinis
600 940 757 986 officia
799 939 957 986 denuo
984 941 1167 988 Natura
1191 939 1414 995 rediisset,

117 1026 197 1062 aut
211 1013 412 1079 jamque
436 1014 646 1078 proxime
672 1014 873 1061 reditura
895 1013 1022 1061 effet.

505 1214 545 1260 c
605 1215 663 1260 ‘A
734 1215 792 1261 P.
933 1192 1022 1260 w.

273 1349 344 1394 De
366 1345 606 1407 Menstruz's
636 1346 837 1392 Virorum
865 1343 1272 1409 Cotgfuetudinibus.

279 1481 332 1528 N
373 1478 650 1526 foemineam
675 1479 919 1526 laxitatem
957 1477 1136 1526 suamet
1161 1476 1419 1542 aliquando

298 1565 464 1599 natura
506 1555 763 1617 comparati
811 1552 1049 1612 homines,
1106 1552 1338 1616 mollique
1379 1565 1426 1599 et

121 1607 349 1679 3'efjdi0re
395 1619 588 1666 vivendi
637 1636 804 1684 genere
851 1620 1122 1676 connutriti,
1184 1618 1278 1666 fere
1316 1635 1428 1667 cum

123 1683 345 1740 muliebri
380 1691 490 1739 vitae
531 1692 758 1750 instituto,
800 1694 1010 1757 corporis
1052 1692 1426 1741 muliebritatem

124 1757 345 1834 induunt]
385 1769 576 1834 Qibus
602 1785 742 1832 porro
784 1769 828 1815 id
855 1769 1044 1825 accidit,
1063 1784 1378 1835 praeterquam
1404 1785 1430 1816 a

126 1831 323 1906 minima
364 1843 483 1907 saepe
531 1845 685 1890 cauffa
727 1844 968 1899 laedantur,
1008 1845 1038 1891 ii
1086 1847 1249 1892 crebra
1296 1844 1430 1908 spiri-

127 1921 264 1964 tuum
288 1921 441 1964 ataxia
465 1919 696 1975 laborant,
744 1931 845 1964 tum
871 1920 1188 1978 laffitudinofi‚
1226 1919 1433 1967 enervati

129 1984 306 2039 animo,
350 1984 562 2032 interiore
589 1986 700 2031 flatu
742 2001 861 2047 pene
903 1984 1120 2042 confesti,
1161 1987 1243 2033 fibi
1271 1987 1435 2037 finien—

127 2058 237 2104 dam
263 2058 350 2104 effe
370 2058 516 2106 vitam
540 2058 699 2106 misere
717 2059 942 2118 clamant,
981 2060 1064 2106 nisi
1101 2061 1265 2108 coacto
1288 2077 1435 2125 prop·

132 2147 200 2180 ter
249 2136 570 2196 importunam
620 2134 965 2198 querimoniam
1012 2136 1199 2183 Medici
1245 2137 1434 2196 affensu,

132 2220 211 2253 aut
235 2223 404 2255 venam
434 2209 660 2265 incidant,
704 2223 784 2255 aut
809 2209 983 2255 leniore
1027 2209 1187 2256 saltem
1226 2211 1436 2259 medica·

132 2294 297 2328 mento
345 2283 505 2346 aliquo
551 2295 765 2329 ventrem
807 2283 1070 2330 emolliant.
1155 2283 1436 2348 Cujusmodi

133 2353 460 2403 semivirorum
485 2356 709 2419 pericula,
749 2356 919 2419 pariter
944 2372 1084 2421 atque
1126 2373 1177 2405 ea
1214 2358 1437 2406 foemina-

133 2438 240 2468 rum
267 2420 503 2486 persaepe
496 2441 540 2470 1n
563 2423 766 2485 singulos
790 2439 1086 2472 revertuntur
1109 2426 1306 2483 menses,
1352 2442 1437 2474 nec

137 2508 244 2541 ante
270 2497 546 2560 plerumque
572 2497 784 2544 desinunt
771 2528 801 2553 1,
839 2514 982 2560 quam
1021 2499 1052 2545 ii
1091 2498 1330 2547 firmiore
1310 2516 1438 2562 jam-

140 2583 230 2631 que
249 2569 453 2632 ingenio,
475 2570 603 2633 quod
625 2570 830 2616 virorum
848 2571 928 2628 est,
954 2573 1237 2636 cognoscant
1259 2589 1271 2620 ε
1311 2573 1441 2636 quod

702 2646 748 2692 D
785 2660 818 2702 4
1284 2660 1439 2692 tamen
