1871 3211
475 232 533 281 68
704 234 818 282 DE
872 219 1052 284 viT.
1133 232 1515 282 PER1oD.

541 367 587 414 6.
623 366 732 426 Jam
757 383 864 413 vero
890 384 996 413 cum
1016 366 1095 413 soli
1116 368 1418 427 mutabilitas,
1457 378 1606 413 certos
1631 375 1754 410 tem-
1812 368 1817 374 ‘

471 440 696 503 pestatum
721 441 895 487 reditus
915 454 1135 499 avertere,
1179 441 1262 487 rite
1297 443 1520 496 credatur,
1545 439 1649 502 plus
1673 436 1756 482 ad-

475 510 566 555 huc
595 513 856 559 cavendum
898 513 976 568 est,
1019 528 1074 558 ne
1100 512 1361 559 consimiles
1402 513 1448 558 in
1489 508 1757 557 hominibus

474 583 767 634 internorum
814 587 1065 634 affectuum
1106 586 1400 640 reverfiones‚
1459 585 1609 631 intuta
1652 583 1758 646 plus

474 657 776 719 praedictione
814 659 1065 714 sumamus,
1126 658 1189 704 ob
1237 656 1462 719 majorem
1511 653 1760 700 universim

475 730 641 778 interni
684 732 904 787 hominis,
966 748 1108 795 quam
1168 730 1248 776 soli
1299 729 1663 783 instabilitatem,
1711 737 1758 771 et

473 806 809 851 mobilitatem.
881 806 950 850 Ea
975 804 1279 850 nihilominus
1303 803 1439 850 Aeris
1473 802 1588 848 inter
1621 796 1759 846 vicis-

474 878 709 935 fandum,
753 878 1095 940 hominumque
1135 878 1298 924 Vitam
1322 876 1645 940 propinquitas
1688 873 1760 920 in-

474 953 688 1008 tercedit,
738 966 972 1014 tantaque,
1032 968 1084 997 ea
1133 952 1267 997 simul
1322 951 1487 996 cuncta
1529 947 1757 1012 proximi-

473 1035 540 1068 tas
581 1024 791 1086 colligat,
841 1038 891 1068 ut
948 1022 1028 1068 sub
1078 1021 1297 1068 similium
1346 1021 1393 1066 in
1452 1020 1762 1082 atmosphaera

472 1096 918 1143 circumstantiarum
959 1096 1126 1151 reditU,
1171 1095 1264 1141 fere
1290 1095 1456 1141 similes
1483 1095 1529 1141 in
1553 1094 1759 1141 homini-

476 1164 560 1208 bus
579 1161 716 1225 juxta
741 1162 1064 1209 converfiones
1090 1174 1382 1217 moveantur,
1409 1178 1464 1207 ex
1489 1160 1630 1224 iisque
1649 1176 1761 1207 con-

476 1237 638 1284 similia
665 1238 918 1284 affectuum
944 1253 1132 1299 genera.
1206 1238 1321 1282 Huc
1345 1236 1540 1291 faciunt,
1575 1252 1680 1299 quae
1703 1235 1762 1282 de

473 1304 708 1366 periodico
750 1303 1103 1365 Epidemiarum
1150 1303 1331 1348 recursu
1372 1302 1702 1349 accuratiffime
1738 1318 1764 1347 a

474 1371 709 1416 nonnullis
755 1369 993 1415 observata
1033 1368 1158 1415 sunt:
1209 1367 1468 1430 cujusmodi
1516 1368 1657 1415 etiam
1704 1368 1764 1414 de

473 1441 610 1504 pestis
629 1442 791 1492 reditu,
820 1458 909 1486 non
936 1440 1132 1486 obscura
1157 1454 1281 1486 extat
1305 1441 1558 1502 gravissimi
1580 1440 1763 1488 Medici

474 1514 737 1559 dubitatio:
778 1529 979 1575 quorum
1019 1526 1174 1559 tamen
1206 1511 1438 1568 omnium,
1478 1528 1568 1558 non
1612 1512 1764 1559 adhuc

1655 1600 1763 1648 quae

453 1778 567 1825 ¹dem,
588 1792 722 1816 vereor
741 1789 877 1825 tamen,
899 1792 944 1816 an
971 1793 1046 1817 non
1071 1778 1155 1816 satis
1176 1792 1292 1816 verax
1314 1776 1492 1816 Aufioris
1527 1777 1659 1823 sermo,
1687 1777 1774 1827 plu·

470 1839 565 1876 rima
584 1839 627 1878 de
646 1840 813 1877 acutiore
833 1839 922 1876 olim
941 1840 1072 1876 Romae
1091 1839 1232 1888 frigore
1250 1839 1416 1889 profert:
1435 1837 1608 1887 interque
1621 1848 1771 1883 caetera,

471 1897 727 1934 consistentem
742 1896 862 1946 glacie.
880 1896 1056 1934 Tiberim
1073 1905 1266 1941 memorat,
1291 1895 1404 1945 juxta
1427 1894 1525 1932 illud
1543 1894 1744 1945 Juvenalis
1761 1909 1771 1933 ς

663 2016 849 2051 Hibernum,
876 2016 968 2045 fracta
987 2017 1094 2054 glacie,
1119 2016 1282 2046 descendet
1308 2016 1338 2044 in
1356 2025 1495 2051 amnem,

656 2066 720 2094 'I'cr
736 2065 886 2094 matutino
903 2065 1009 2095 Tiberi
1027 2073 1190 2104 mergetur.
1203 2080 1329 2089 --——-·

476 2174 592 2222 Qod
613 2173 649 2210 in
667 2173 848 2211 rariffimis
869 2186 970 2210 nunc
991 2183 1112 2222 putat.
1169 2173 1239 2210 Sed
1260 2171 1351 2209 talia
1364 2170 1587 2208 scribentem
1604 2176 1702 2208 certe
1718 2169 1775 2207 fu-

474 2230 554 2279 giit,
575 2232 677 2281 quod
695 2233 739 2268 dc
757 2229 878 2267 Italici
898 2229 1007 2284 Acris
1027 2230 1206 2278 temperie
1226 2227 1421 2279 Juvenali‚
1444 2239 1551 2265 aetate
1577 2229 1775 2278 proximus

473 2289 633 2335 Plinius,
650 2290 744 2338 Hzst.
761 2290 847 2327 Lib.
869 2290 919 2328 ΙΙ.
941 2288 1090 2326 scribit:
1110 2291 1198 2327 Vere
1220 2300 1334 2325 autem
1352 2300 1384 2325 et
1407 2300 1573 2326 autumno
1600 2288 1776 2326 crebriora

465 2348 627 2395 fulmina
641 2352 811 2399 corruptis
826 2352 860 2384 in
881 2360 1024 2399 utroque
1043 2355 1188 2397 tempore
1202 2346 1336 2395 astatis
1349 2347 1534 2398 hiemzsque
1547 2348 1661 2396 cazffs
1672 2362 1684 2384 .·
1704 2361 1775 2398 qua

475 2409 609 2443 ratione
623 2407 744 2443 crebra
759 2412 792 2444 in
809 2408 933 2453 Italia,
954 2410 1038 2457 qula
1050 2406 1207 2443 mobilior
1216 2408 1305 2453 Aer,
1330 2410 1466 2444 mitiore
1476 2407 1594 2451 hieme,
1615 2416 1647 2442 et
1656 2405 1776 2455 aestate

475 2464 785 2516 71³·nzl113fa‚·,fe›2.p.v-
798 2467 1008 2516 quodamnodo
1021 2475 1153 2502 vernat
1166 2466 1229 2502 vel
1256 2476 1455 2502 autumnat.
1479 2465 1595 2514 Qiod
1610 2454 1776 2502 Ro‘mani

472 2522 581 2559 Aeris
600 2522 845 2571 Experientia
858 2535 894 2561 et
915 2524 1040 2561 observ
1049 2523 1172 2560 atione
1183 2537 1269 2560 eum
1281 2523 1465 2574 imprimis
1482 2523 1655 2574 scripfisse
1668 2537 1775 2561 vero-

472 2573 588 2611 fimiie
609 2574 669 2611 est.
725 2576 775 2619 At
795 2576 904 2612 multi
925 2586 1036 2621 certe,
1070 2575 1184 2612 latius
1204 2588 1323 2626 quam
1357 2576 1410 2613 rei
1446 2576 1587 2613 veritas
1606 2575 1763 2626 patitur,

473 2635 543 2673 hac
558 2633 680 2671 Itaiici
697 2633 774 2672 Soli
791 2636 1039 2673 mutabilitate
1059 2635 1112 2672 usl
1135 2636 1233 2681 sunt,
1259 2636 1383 2673 tumis
1401 2646 1486 2673 ante
1503 2636 1609 2682 alios,
1630 2634 1696 2686 qui
1716 2636 1775 2672 su-

469 2693 681 2744 perioribus
702 2693 805 2731 annis
822 2693 864 2731 de
883 2695 999 2740 Pocfi,
1033 2704 1068 2731 ct
1089 2694 1239 2732 Piciura
1269 2694 1533 2747 peringeniose
1551 2693 1693 2743 scripsit
1711 2693 1776 2732 Cl.

1594 2746 1658 2784 Du
1671 2745 1769 2785 Bos:
