1871 3211
457 268 518 315 86
685 264 803 314 DE
859 263 1044 310 VIT.
1103 262 1487 310 PERIOD‚

457 381 656 464 degitur.
706 383 775 446 At
803 397 882 445 illa
906 396 1096 462 quidem
1121 385 1341 443 humanae
1365 395 1517 443 aetatis
1539 391 1751 456 descrip-·

457 475 524 521 tio
546 471 626 518 diu
653 485 756 518 ante
780 473 1127 535 Hippocratem
1167 469 1390 528 obtinuit,
1427 481 1473 515 et
1494 467 1741 533 plusquam

456 547 528 594 bis
563 545 743 593 milleni
770 559 815 593 et
851 545 1044 592 tercenti
1074 543 1176 608 jam
1202 545 1374 591 fluxere
1400 545 1525 599 anni,
1561 553 1616 589 ex
1641 557 1740 606 quo

456 636 560 667 eam
584 620 790 683 primum
817 621 960 666 Solon
983 619 1155 666 effecit.
1217 620 1469 682 Propterea
1493 617 1588 664 fere
1611 617 1743 679 Hip·-

456 693 634 757 pocrati
655 709 839 740 coaevus
861 694 1016 748 Plato,
1038 692 1164 756 quod
1181 691 1422 753 octoginta
1436 703 1482 736 et
1492 705 1638 736 unum
1658 705 1742 736 an-

461 784 572 814 num
599 780 731 812 natus
754 767 879 829 quasi
905 767 950 812 in
975 764 1206 828 sapientiae
1225 779 1393 826 campo
1411 764 1605 820 luctans,
1635 761 1744 809 scri-

460 842 615 889 bendo
655 855 864 888 mortuus
909 840 1034 895 effet,
1091 838 1460 902 auspicatiffimae
1500 836 1745 883 senectutis

461 915 731 977 exemplum
756 932 780 961 a
805 913 983 960 Gtaecis
1011 914 1224 959 laudatus
1249 913 1330 968 est,
1379 910 1743 974 Sophoclesque,

462 991 590 1052 quod
607 989 842 1051 OEdipum
862 988 1122 1034 colonaeum
1135 1003 1279 1049 prope
1295 985 1618 1048 octogenarius
1631 1002 1744 1031 con-

463 1061 720 1125 scripsisset,
742 1063 803 1107 est
821 1061 1020 1124 prodigii
1039 1061 1145 1107 loco
1167 1061 1349 1106 citatus.
1381 1060 1604 1106 Similiter
1619 1060 1758 1122 apud'

466 1137 707 1182 Romanos
728 1136 959 1182 Catonem
985 1133 1230 1197 majorem,
1266 1135 1393 1197 quod
1415 1133 1656 1197 octoginta
1674 1135 1748 1182 sex

463 1208 608 1256 annos
634 1209 711 1255 vix
740 1209 920 1273 aliquid
946 1208 1055 1255 vitae
1090 1207 1377 1254 nimietatem
1400 1208 1626 1263 incusans,
1654 1207 1746 1254 sus-

464 1283 682 1339 timuisset,
735 1295 973 1345 tamquam
1023 1282 1263 1344 egregium
1311 1280 1549 1329 invidiofiae
1590 1280 1747 1328 senec-

462 1357 571 1405 tutis
596 1352 862 1417 exemplum
891 1354 1032 1417 elegit
1058 1356 1132 1401 M.
1161 1354 1379 1409 Tullius;
1415 1355 1495 1418 qui
1522 1359 1638 1402 cum'
1656 1351 1762 1403 mi-'

465 1429 704 1483 t‘iffimum,
774 1429 1119 1491 sapientemque
1164 1428 1374 1475 Laelium
1434 1429 1491 1475 de
1536 1428 1747 1481 Africani

465 1507 616 1541 morte
643 1496 988 1558 colloquentem
1018 1495 1281 1550 induxisset,
1315 1496 1396 1558 qui
1435 1503 1655 1542 mortuus'
1683 1498 1747 1543 est

466 1567 588 1616 anno
626 1568 771 1615 aetatis
817 1568 1210 1632 quinquagesimo
1262 1569 1405 1625 sexto,
1453 1570 1567 1632 quid
1608 1571 1748 1628 hunc,

467 1641 638 1704 inquit,
659 1658 918 1703 paucorum
939 1657 1162 1687 annorum
1186 1643 1553 1706 acceffiojuvare
1572 1645 1750 1707 potuis-

467 1716 548 1770 fet,
591 1715 718 1777 quafi
744 1731 796 1761 ea
819 1729 970 1770 aetate,
1007 1731 1099 1777 qua
1127 1715 1218 1761 fere
1257 1717 1491 1763 neminem
1519 1719 1655 1764 hodie
1681 1720 1747 1766 se-

468 1797 648 1843 nescere
668 1806 901 1856 putamus,
919 1789 1291 1852 parumjamque
1311 1791 1538 1838 Africano
1558 1794 1601 1839 in
1621 1809 1749 1841 corn-

467 1868 597 1916 muni
645 1866 892 1912 hominum
938 1864 1032 1908 vita
1067 1865 1284 1910 obeunda
1317 1865 1501 1912 deesset.
1571 1867 1760 1916 Ennius'

469 1942 627 1997 etiam,
658 1939 738 2002 qui
765 1936 1051 2001 septuaginta
1071 1952 1213 1982 annos
1233 1937 1423 1994 vixerat,
1454 1937 1749 2003 inscripti-one

468 2016 612 2063 elatus
638 2012 716 2067 est,

521 2159 635 2201 Sicut
658 2160 771 2200 fortis
788 2171 915 2212 equus
938 2157 1075 2210 spatio,
1104 2159 1173 2212 qui
1197 2157 1296 2210 saepe
1318 2156 1500 2211 supr-emo

523 2224 637 2264 Vicit
665 2221 872 2278 Olympia,
903 2235 1011 2262 nunc
1032 2220 1139 2260 senio
1164 2220 1350 2268 confefku
1386 2222 1567 2274 quiescit.

471 2347 609 2392 Certe
650 2345 870 2392 rariffima
916 2343 1034 2401 sunt,
1071 2359 1176 2407 quae
1200 2342 1258 2389 de
1294 2345 1531 2392 Leontino
1556 2345 1750 2410 Gorgia,

471 2417 554 2480 qui
581 2431 769 2464 centum
796 2432 841 2464 et
867 2417 1039 2481 septem
1065 2416 1324 2478 complevit
1356 2433 1518 2475 annos,
1542 2418 1751 2484 itemque

469 2490 529 2535 de
577 2489 765 2551 Gorgiae
807 2489 1032 2552 discipulo
1079 2487 1293 2545 Isocrate,
1336 2490 1417 2553 qui
1461 2508 1571 2538 cum
1609 2509 1751 2541 annos

470 2575 690 2626 quattuor
709 2576 754 2608 et
770 2563 1020 2625 nonaginta
1037 2575 1170 2608 natus
1190 2564 1314 2621 effet,
1340 2565 1748 2614 Panathaenaicum

471 2637 658 2699 stripfit,
683 2648 729 2682 et
744 2635 1122 2700 quinquennium
1138 2635 1280 2685 etiam
1302 2638 1458 2702 postea
1482 2639 1748 2704 supervixit,

1539 2715 1752 2778 exempla
