1871 3211
450 304 544 355 154
707 290 824 340 DE
875 291 1494 343 VIT.PER10D.

443 424 529 472 sub
552 423 691 472 Luna
713 436 1011 488 praetereunt,
1046 425 1292 490 diligenter
1317 428 1565 491 obtegunt,
1600 430 1637 455 ‘⁶
1662 441 1721 473 ne

442 498 605 562 plenos
629 514 714 562 per
735 511 922 546 aetatem
947 500 1164 547 naturalis
1193 501 1405 550 humoris
1431 500 1630 566 amplius
1654 498 1728 546 lu-

445 586 554 619 nare
577 572 739 620 lumen
759 572 1043 621 humeetetss’

511 730 593 779 27.
630 720 827 767 Mortua
849 719 992 768 etiam
1013 738 1208 784 corpora
1244 720 1343 784 ejus
1377 721 1589 770 fimiliter
1627 719 1727 766 vim

444 792 623 848 sentire,
656 809 801 855 eaque
821 795 1029 840 celeriter
1055 795 1101 840 in
1125 797 1281 841 tabem
1312 796 1411 842 visu
1432 795 1510 843 suo
1537 796 1728 842 Lunam

443 865 693 919 resolvere,
731 864 926 927 antiqua
951 865 1119 912 Galeni
1151 866 1414 913 observatio
1449 868 1511 914 est
1531 869 1585 925 ¹⁵,
1627 883 1733 930 quae

442 939 626 1002 nuperis
650 938 793 985 etiam
817 940 1153 987 tentaminibus
1178 956 1290 987 vera
1318 941 1405 986 effe
1429 940 1616 988 dicitur.

512 1087 591 1132 28.
612 1085 830 1149 Qorum
855 1102 1027 1150 magna
1048 1102 1150 1150 pars
1177 1086 1225 1133 id
1249 1085 1344 1134 fere
1369 1086 1624 1151 subjungit,
1658 1085 1732 1133 vi-

440 1157 630 1216 delicet,
651 1161 784 1223 quod
832 1160 1069 1225 aliquanta
1094 1160 1300 1208 materiei
1329 1161 1512 1218 caloris,
1543 1160 1592 1207 in
1615 1175 1734 1216 aere,

445 1234 642 1279 acceffio
659 1233 739 1280 fiat
762 1233 935 1282 lunaris
953 1232 1140 1281 luminis
1164 1233 1446 1291 interventu,
1473 1234 1582 1291 five,
1607 1232 1738 1297 quod

443 1301 692 1366 splendens
735 1307 876 1354 Luna
910 1319 1184 1353 caeterorum
1222 1322 1473 1369 corporum
1505 1306 1732 1354 latentem

444 1377 620 1440 ignem,
646 1379 852 1443 aliquam
869 1380 1028 1428 saltem
1049 1394 1248 1444 partem,
1266 1382 1471 1429 concitet
1488 1393 1536 1427 et
1560 1390 1730 1427 mutet.

445 1452 608 1517 Qare
647 1452 837 1500 internae
861 1453 1112 1500 humorum
1144 1453 1366 1510 raritates,
1402 1453 1592 1500 cerebro
1616 1467 1733 1515 prae-

443 1523 609 1587 primis
634 1525 850 1583 adversae,
873 1526 1088 1574 somnum
1109 1527 1191 1574 sub
1214 1529 1353 1574 Luna
1377 1526 1588 1583 incitant,
1614 1524 1733 1589 ipsa-

445 1612 538 1659 que
564 1598 703 1644 etiam
724 1612 910 1646 mortua
934 1616 1131 1662 corpora
1160 1600 1366 1647 celeriter
1402 1599 1734 1648 contabescunt

423 1662 632 1734 ¹¹propter
656 1672 922 1718 celeriorem
949 1672 1098 1729 mixti,
1125 1674 1248 1719 unde
1276 1672 1504 1728 constant,
1534 1671 1725 1718 solutio-

444 1758 570 1800 nem,
612 1760 718 1808 quae
756 1746 982 1808 aptiffime
1015 1763 1072 1793 ex
1108 1745 1290 1794 latentis
1321 1763 1484 1794 eorum
1509 1745 1629 1808 ignis
1654 1744 1729 1791 in-

444 1816 698 1865 citamento
722 1819 948 1881 primum,
975 1832 1075 1866 turn
1101 1820 1296 1865 demum
1321 1820 1560 1874 effusione,
1587 1817 1731 1881 idque

444 1904 501 1935 ex
525 1889 695 1936 rariore
734 1907 855 1950 aere,
891 1908 1046 1955 exque
1069 1892 1244 1940 externi
1280 1891 1445 1940 caloris
1481 1893 1733 1940 acceffione

445 1962 653 2012 fovetur.

512 2128 591 2173 29.
621 2112 861 2173 Magnum
879 2110 997 2159 illud
1022 2111 1196 2160 interea
1222 2112 1340 2159 inter
1364 2112 1579 2160 diurnam
1607 2111 1730 2173 Solis

445 2184 816 2247 nocturnamque
841 2185 994 2234 Lunae
1048 2185 1202 2233 lucem
1236 2185 1479 2233 discrimen
1527 2184 1728 2243 interest,

444 2257 569 2317 quod
607 2257 784 2304 densior
820 2257 1013 2321 plusque
1057 2258 1238 2305 ac'tuosa
1275 2259 1447 2317 solaris,
1485 2274 1579 2321 quo
1621 2258 1726 2321 plus

445 2330 607 2376 caloris
635 2329 911 2376 animalibus
937 2330 1113 2391 tribuit,
1159 2345 1342 2377 tantum
1366 2346 1531 2379 eorum
1556 2329 1727 2377 humo-

444 2418 516 2450 res
557 2407 807 2461 tenuando‚
840 2405 1221 2468 perspirationem
1259 2404 1558 2453 consimiliter
1604 2404 1729 2451 solli-

450 2471 578 2518 citet·
646 2475 721 2523 Ad
755 2493 897 2540 quam
937 2491 1104 2542 praeter
1138 2479 1370 2542 propriam
1414 2476 1570 2525 solaris
1609 2477 1727 2523 lucis

373 2698 378 2703 ,
488 2654 519 2681 ³⁵
548 2656 608 2693 De
626 2656 733 2695 Dieb.
766 2660 908 2701 Dscrcl.
939 2663 1028 2704 Lib.
1053 2664 1126 2703 ΠΙ.
1162 2672 1235 2715 cap.
1257 2662 1296 2702 ii.
1354 2662 1467 2702 Conf.
1494 2659 1606 2699 etiam
1624 2656 1725 2698 Plin-

436 2715 532 2767 Hg'st,
556 2717 647 2755 Nat.
673 2731 755 2769 cap.
777 2719 829 2758 xi.
1637 2771 1645 2780 ι

1600 2787 1720 2831 vim,
