1871 3211
492 275 554 326 74
719 260 829 308 DE
873 259 1500 309 v1T.PER10D.

494 385 683 440 {rivendi
706 394 1073 456 probabilitates,
1115 394 1381 457 interposita
1407 394 1767 458 Septenniorum

491 468 683 523 ratione,
714 467 848 529 juxta
891 467 1097 530 expolita
1129 483 1155 513 a
1180 468 1513 515 Kerseboomio
1537 467 1771 515 Necrolo-

491 545 570 607 gia
593 544 644 598 ¹⁷,
688 541 1018 597 subducantur,
1064 541 1156 588 fere
1188 541 1412 605 ejusmodi
1437 541 1554 589 sunt·v
1623 544 1770 590 Anno

492 632 662 680 nempe
703 633 728 663 a
753 616 994 663 nativitate
1030 612 1198 679 primo,
1237 618 1477 664 Natorum
1512 615 1770 664 mortalitas

493 689 575 748 est,
610 689 677 735 uti
721 707 733 737 ι
764 704 878 752 ²²5>
934 684 1293 751 anno²''septimo
1340 706 1357 736 1
1391 703 1539 752 2:54,
1587 686 1774 734 decimo

493 774 660 826 quarto
684 778 701 808 1
727 779 763 809 ::
793 779 902 824 123,
923 778 1044 808 anno
1064 761 1218 824 primo
1242 774 1286 808 et
1301 762 1529 824 vigesimo
1553 779 1569 808 1
1594 778 1604 807 ε
1627 778 1637 808 :
1663 775 1772 816 101,

491 836 659 881 oetavo
705 850 751 881 et
796 836 1024 897 vigesimo
1077 837 1276 898 12:65,
1335 836 1571 899 trigefimo
1608 834 1775 898 quinto

495 924 517 957 1
545 927 555 954 ε
579 926 590 954 2
618 909 697 973 65,
753 908 1105 972 quadragesimo
1152 908 1356 956 secundo
1405 926 1421 956 1
1447 926 1458 955 ε
1481 929 1493 956 2
1520 910 1602 966 66,
1655 922 1774 971 qua-

490 984 750 1045 dragesimo
797 999 920 1029 nono
966 1000 983 1029 1
1017 1001 1028 1028 z
1057 1001 1068 1029 :
1096 998 1178 1043 47,
1229 983 1614 1047 quinquagesimo
1649 980 1806 1043 sexto-

497 1073 515 1104 1
549 1075 560 1103 ε
592 1075 604 1104 :
632 1075 712 1120 33,
766 1057 1048 1120 sexagesimo
1088 1056 1223 1103 tertio
1263 1075 1278 1104 1
1313 1076 1323 1104 z
1354 1078 1364 1105 ε
1395 1074 1471 1115 24,
1525 1057 1771 1120 septuage-

492 1130 606 1177 fimo
637 1148 654 1178 1
689 1148 699 1177 ε
726 1150 738 1179 :
771 1146 846 1195 17,
886 1130 1227 1192 septuagesimo
1264 1131 1460 1194 septimo
1491 1147 1542 1178 1:
1567 1147 1577 1175 :
1607 1145 1652 1191 9,
1687 1144 1771 1175 an-

491 1219 553 1249 no
597 1204 787 1250 tandem
825 1205 1140 1266 ostuagcfimo
1176 1218 1342 1267 quarto
1391 1220 1408 1249 1
1442 1221 1452 1250 :
1481 1220 1492 1249 :
1521 1219 1583 1268 55
1626 1216 1675 1272 et¹
1703 1201 1778 1248 hie

493 1276 684 1339 quidem
711 1277 818 1323 vitae
844 1294 988 1323 annus
1014 1277 1193 1324 caeteris
1220 1278 1321 1339 post
1345 1277 1568 1340 primum,
1595 1274 1778 1338 praestat

492 1343 787 1390 mortalitatis
814 1360 1024 1398 numero,
1066 1344 1145 1407 qui
1183 1343 1336 1406 reapse
1376 1360 1401 1388 a
1425 1341 1779 1407 quadragesimo

492 1422 674 1476 oetavo,
706 1435 930 1483 perpetua
953 1423 1263 1484 progreffione
1289 1420 1464 1468 crescit.

567 1583 641 1615 12.
696 1570 819 1632 Qae
863 1566 1075 1630 profec‘io
1139 1567 1220 1614 vix
1280 1568 1374 1615 ulla
1421 1566 1782 1632 Septenniorum

497 1640 615 1686 inter
660 1640 702 1686 se
741 1642 917 1688 ratione
955 1640 1197 1689 constant:
1252 1641 1493 1688 fatendum
1531 1653 1686 1688 tamen
1720 1640 1784 1687 est

496 1729 549 1759 ea
573 1712 823 1776 aliquando
849 1713 1148 1776 proportione
1188 1714 1521 1761 mortalitatem
1545 1713 1780 1778 progredi,

495 1800 547 1833 ut
594 1788 831 1832 nonnullae
878 1786 975 1849 ejus
1012 1787 1291 1834 variationes
1334 1788 1390 1834 ad
1420 1788 1781 1850 Septenniorum

495 1860 864 1922 complementa,
920 1873 999 1904 aut
1045 1860 1276 1922 principia
1322 1861 1595 1922 pertineant.
1683 1861 1782 1906 Re-

495 1950 605 1981 vera
645 1949 754 1980 cum
793 1950 818 1980 a
860 1932 1028 1997 quinto
1060 1932 1105 1979 in
1144 1933 1389 1997 septimum
1421 1933 1578 1998 usque,
1625 1933 1781 1997 fingu-

539 2097 572 2119 ¹⁷
602 2092 703 2131 Cum
722 2092 780 2130 his
800 2091 972 2144 proxime
991 2093 1147 2140 faciunt,
1168 2107 1254 2145 quae
1283 2091 1560 2142 Wargentinus
1579 2091 1679 2142 apud
1698 2091 1790 2130 Sue-

484 2166 562 2198 cos,
591 2164 628 2190 et
661 2153 718 2190 Dc
750 2151 936 2191 Par-cieux
964 2153 1064 2204 apud
1097 2153 1250 2200 Gallos,
1272 2152 1491 2191 parisienses
1511 2152 1730 2203 praesertim,
1751 2152 1791 2192 in

487 2211 619 2250 mediae
645 2211 734 2249 vitae
771 2210 912 2249 tabulis
944 2211 1246 2263 designaverunt.
1301 2213 1354 2249 At
1389 2226 1481 2250 vero
1514 2227 1602 2250 curn
1638 2213 1790 2250 sele6los

484 2270 662 2318 infantes,
690 2271 838 2324 quique
869 2272 1025 2309 tertium
1062 2271 1181 2309 aetatis
1207 2286 1349 2310 annum
1376 2271 1534 2325 jamque
1567 2283 1788 2324 exegerant,

485 2329 692 2379 postremus
719 2330 782 2368 ille
818 2330 1020 2380 delegisset,
1050 2331 1347 2369 Kerseboomius
1378 2346 1482 2378 vero,
1515 2333 1559 2371 iis
1592 2348 1641 2371 ex
1667 2334 1790 2371 omni-

486 2390 559 2428 bus
573 2389 737 2428 civitatis
759 2391 954 2429 ordinibus
976 2391 1084 2429 fimul
1106 2392 1275 2442 sumptis,
1293 2407 1425 2431 eorum
1444 2393 1618 2446 periodos
1639 2395 1686 2432 ab
1702 2405 1791 2432 ortu

487 2449 765 2496 numeraviffet,
783 2450 906 2502 liquet
920 2450 1092 2501 postremi
1108 2451 1221 2500 hujus
1238 2454 1386 2491 tabulas
1400 2455 1486 2504 plus
1504 2455 1628 2494 adhuc
1640 2453 1791 2493 univer-

488 2508 545 2547 sos
566 2506 736 2545 homines
760 2509 915 2555 afficere,
950 2524 1065 2561 quam
1082 2509 1255 2561 reliquae,
1277 2526 1365 2564 quae
1383 2512 1424 2551 in
1445 2512 1541 2556 datis
1559 2513 1787 2567 quibusdam

490 2567 691 2605 hominum
715 2567 1038 2618 singularitatibus
1058 2568 1282 2614 fundantur.

1727 2635 1782 2685 lis

1865 1388 1871 1427 M<
1860 1205 1871 1379 „Ana-.-assgss
