1871 3211
429 325 1128 376 CAUSSIS‚
1332 341 1419 395 ¹55

126 458 243 514 vim,
269 460 480 507 conditio
505 476 696 525 quoque
722 461 875 508 diurni
900 461 1017 509 aeris
1042 459 1262 525 purioris,
1290 462 1418 509 diur-

127 549 385 597 narumque
433 536 821 584 consuetudinum
870 536 1129 599 plurimum
1169 536 1420 582 concurrit.

128 607 253 654 Cum
279 626 390 656 vero
415 627 495 674 per
521 612 706 658 noCtem
746 613 925 657 craffior
949 610 1199 657 universim
1237 625 1314 655 aer
1356 611 1424 668 sit,

123 683 373 748 Lunaeque
398 686 558 731 lumen
579 686 716 746 ignea
736 685 903 730 virtute
937 684 1031 741 sua,
1054 700 1198 747 quam
1223 684 1429 732 maxime

127 770 152 802 a
176 756 310 806 solari
347 757 497 814 distet,
534 758 732 822 jamque
768 757 976 805 cohibita
1003 759 1059 804 ad
1087 759 1286 805 multam
1312 774 1427 805 noc-

124 841 223 877 tem
259 831 612 895 perspiratione,
659 832 888 895 simulque
914 834 1154 896 aliquanto
1181 833 1321 896 igneo
1348 848 1425 878 ae-

124 904 193 952 ris-
211 919 258 953 et
283 907 455 954 lunaris
480 908 597 954 lucis
633 908 863 970 principio
889 908 935 954 in
961 924 1129 970 corpus
1167 907 1419 971 resumpto,

124 977 218 1026 fere
244 983 360 1027 ratio
386 982 578 1038 constat,
606 999 688 1028 cur
713 982 907 1028 internae
942 980 1155 1028 vasorum
1189 982 1428 1044 compres-

125 1055 270 1101 fiones
292 1056 550 1112 nascantur,
578 1056 933 1122 plurimumque
953 1055 1123 1102 exinde
1146 1054 1193 1110 ii,
1219 1070 1425 1117 quorum

124 1127 274 1174 laxior
307 1142 354 1175 et
379 1130 621 1179 imbecilla
647 1130 710 1178 est
743 1130 948 1194 corporis
985 1143 1253 1192 compages,
1290 1130 1429 1181 Luna

124 1201 372 1251 laedantur.

194 1364 275 1410 30.
314 1354 490 1398 Annon
517 1349 663 1413 igitur
688 1351 824 1398 simili
863 1366 1056 1414 quoque
1084 1348 1262 1396 ratione
1288 1348 1428 1395 intel-

128 1421 318 1485 ligenda
339 1424 458 1481 sunt,
483 1441 590 1488 quae
617 1424 674 1471 de
699 1426 837 1472 Luna
858 1438 1000 1472 terras
1025 1424 1275 1479 saturante,
1298 1421 1429 1469 fron-

127 1501 301 1566 desque
325 1520 377 1550 ac
397 1507 570 1568 pabula
595 1520 877 1563 maturante,
899 1504 1175 1552 animalium
1190 1504 1303 1551 item
1324 1519 1427 1550 cor-

127 1591 246 1638 pora
288 1577 532 1642 implente,
575 1580 704 1643 quod
728 1580 967 1644 praecipue
993 1579 1050 1626 de
1077 1577 1326 1625 conchiliis
1358 1577 1428 1625 di-

130 1650 267 1707 citur,
305 1669 451 1716 eaque
494 1654 742 1700 hominum
793 1669 984 1717 quoque
1017 1652 1291 1714 sanguinem
1339 1667 1422 1697 au—

127 1736 284 1786 gente,
325 1743 501 1789 magno
522 1727 834 1791 Antiquitatis
861 1726 1017 1773 omnis
1060 1724 1282 1772 consensu
1322 1741 1427 1771 nar-

128 1813 303 1857 rantur,
337 1802 583 1866 multaque
624 1805 885 1850 etiamnum
929 1801 1047 1848 inter
1088 1815 1252 1846 omnes
1287 1799 1428 1861 plane

131 1888 348 1935 agrorum
377 1876 575 1922 cultores
601 1872 829 1922 constant.
892 1876 1085 1936 Nempe
1112 1872 1241 1935 quod
1264 1872 1427 1921 senfirn

132 1947 351 1994 intensius
370 1965 452 2012 per
469 1949 675 1995 mensem
695 1947 939 2012 splendens
952 1949 1111 2002 Luna,
1134 1961 1256 2000 eam,
1279 1961 1427 2007 quam

130 2021 337 2069 diximus
361 2022 719 2085 plenitudinem,
762 2022 1000 2068 invalente
1022 2020 1278 2066 humorum
1313 2019 1428 2065 rari-

128 2107 239 2153 tate,
286 2096 527 2159 disponat:
567 2113 672 2160 quae
713 2094 960 2158 paullatim
997 2092 1101 2140 vasa
1144 2092 1458 2150 distendens,'

131 2172 201 2219 his
227 2173 423 2219 demum
448 2173 641 2220 actionis
666 2172 757 2218 suae
792 2170 972 2234 aliquid
1008 2167 1201 2216 auferat.
1264 2170 1430 2234 Qare

129 2248 418 2310 progreffivo
441 2263 603 2294 eorum
625 2260 754 2293 motu
768 2246 1034 2300 debilitato,
1054 2241 1184 2307 quod
1200 2241 1427 2289 intervas-

86 2378 89 2380 q
133 2321 287 2367 culare
315 2334 359 2367 et
384 2320 658 2367 cellulosum
690 2320 769 2376 est,
803 2319 966 2366 sensim
991 2315 1241 2372 redundat,
1284 2329 1331 2363 et
1354 2332 1428 2362 re-

132 2397 319 2460 pletur:
349 2398 517 2460 quibus
543 2397 706 2443 similia
724 2397 782 2443 de
808 2396 1032 2442 nofturna
1056 2392 1271 2456 plethora
1296 2391 1429 2455 supra

134 2471 390 2517 attulimus.
464 2471 811 2535 Qamobrem,
840 2469 872 2515 fi
897 2484 1004 2532 quae
1023 2465 1225 2530 propriae
1247 2465 1427 2512 alicubi

133 2544 181 2591 in
221 2544 500 2592 animalibus
541 2545 745 2590 relativae
802 2556 880 2589 aut
918 2540 1139 2588 absolutae
1174 2538 1429 2585 debilitatis

134 2618 298 2664 cauffae
324 2618 536 2672 existunt,
553 2617 749 2680 jamque
789 2616 998 2663 similiter
1016 2630 1127 2662 cum
1151 2611 1430 2661 increscente

136 2697 291 2753 Luna,
336 2693 439 2756 plus
465 2709 656 2756 quoque
682 2692 781 2739 sunt
806 2693 995 2740 damno.
1358 2760 1405 2808 A

1242 2776 1321 2824 31.
1394 2772 1429 2817 ⁴t
