<?xml version="1.0" encoding="UTF-8"?>
<!DOCTYPE html PUBLIC "-//W3C//DTD XHTML 1.0 Transitional//EN"
    "http://www.w3.org/TR/xhtml1/DTD/xhtml1-transitional.dtd">
<html xmlns="http://www.w3.org/1999/xhtml" xml:lang="en" lang="en">
 <head>
  <title>
</title>
<meta http-equiv="Content-Type" content="text/html;charset=utf-8" />
  <meta name='ocr-system' content='tesseract 3.04.00' />
  <meta name='ocr-capabilities' content='ocr_page ocr_carea ocr_par ocr_line ocrx_word'/>
</head>
<body>
  <div class='ocr_page' id='page_1' title='image "./devitalibusperio02testuoft_0161.png"; bbox 0 0 1871 3211; ppageno 0'>
   <div class='ocr_carea' id='block_1_1' title="bbox 0 2535 2 2571">
    <p class='ocr_par' dir='ltr' id='par_1_1' title="bbox 0 2535 2 2571">
     <span class='ocr_line' id='line_1_1' title="bbox 0 2535 2 2571; baseline 0 0"><span class='ocrx_word' id='word_1_1' title='bbox 0 2535 2 2571; x_wconf 53' lang='lat' dir='ltr'><strong>i</strong></span> 
     </span>
    </p>
   </div>
   <div class='ocr_carea' id='block_1_2' title="bbox 375 293 1361 353">
    <p class='ocr_par' dir='ltr' id='par_1_2' title="bbox 375 293 1361 353">
     <span class='ocr_line' id='line_1_2' title="bbox 375 293 1361 353; baseline 0.004 -15"><span class='ocrx_word' id='word_1_2' title='bbox 375 293 1063 344; x_wconf 76' lang='lat' dir='ltr'>CAUSSIS.</span> <span class='ocrx_word' id='word_1_3' title='bbox 1269 301 1361 353; x_wconf 78' lang='lat'><strong>147</strong></span> 
     </span>
    </p>
   </div>
   <div class='ocr_carea' id='block_1_3' title="bbox 77 415 1360 638">
    <p class='ocr_par' dir='ltr' id='par_1_3' title="bbox 77 415 1360 638">
     <span class='ocr_line' id='line_1_3' title="bbox 79 415 1359 489; baseline 0.003 -21"><span class='ocrx_word' id='word_1_4' title='bbox 79 415 262 469; x_wconf 86' lang='lat' dir='ltr'><strong>summa</strong></span> <span class='ocrx_word' id='word_1_5' title='bbox 279 423 457 470; x_wconf 90' lang='lat' dir='ltr'><strong>dierum</strong></span> <span class='ocrx_word' id='word_1_6' title='bbox 477 425 791 489; x_wconf 80' lang='lat' dir='ltr'><strong>quadraginta</strong></span> <span class='ocrx_word' id='word_1_7' title='bbox 812 427 968 483; x_wconf 86' lang='lat' dir='ltr'><strong>trium,</strong></span> <span class='ocrx_word' id='word_1_8' title='bbox 987 440 1033 473; x_wconf 89' lang='lat' dir='ltr'><strong>et</strong></span> <span class='ocrx_word' id='word_1_9' title='bbox 1053 428 1268 474; x_wconf 79' lang='lat' dir='ltr'><strong>horarum</strong></span> <span class='ocrx_word' id='word_1_10' title='bbox 1287 427 1359 472; x_wconf 83' lang='lat' dir='ltr'><strong>vi-</strong></span> 
     </span>
     <span class='ocr_line' id='line_1_4' title="bbox 81 492 1360 554; baseline 0.005 -16"><span class='ocrx_word' id='word_1_11' title='bbox 81 492 204 553; x_wconf 71' lang='lat' dir='ltr'><strong>ginti,</strong></span> <span class='ocrx_word' id='word_1_12' title='bbox 227 494 462 553; x_wconf 66' lang='lat' dir='ltr'><strong>subduc‘ta,</strong></span> <span class='ocrx_word' id='word_1_13' title='bbox 490 499 608 546; x_wconf 75' lang='lat' dir='ltr'><strong>hanc</strong></span> <span class='ocrx_word' id='word_1_14' title='bbox 635 501 803 547; x_wconf 87' lang='lat' dir='ltr'><strong>iterum</strong></span> <span class='ocrx_word' id='word_1_15' title='bbox 833 501 1047 548; x_wconf 81' lang='lat' dir='ltr'>bifariam</span> <span class='ocrx_word' id='word_1_16' title='bbox 1075 499 1151 546; x_wconf 83' lang='lat' dir='ltr'><strong>ille</strong></span> <span class='ocrx_word' id='word_1_17' title='bbox 1173 499 1360 554; x_wconf 86' lang='lat' dir='ltr'><strong>dividit,</strong></span> 
     </span>
     <span class='ocr_line' id='line_1_5' title="bbox 77 567 1358 638; baseline 0.005 -27"><span class='ocrx_word' id='word_1_18' title='bbox 77 579 122 612; x_wconf 94' lang='lat' dir='ltr'><strong>et</strong></span> <span class='ocrx_word' id='word_1_19' title='bbox 133 567 346 618; x_wconf 87' lang='lat' dir='ltr'><strong>alterutra</strong></span> <span class='ocrx_word' id='word_1_20' title='bbox 364 573 560 636; x_wconf 85' lang='lat' dir='ltr'><strong>sumpta,</strong></span> <span class='ocrx_word' id='word_1_21' title='bbox 586 575 916 623; x_wconf 79' lang='lat' dir='ltr'>medicinalem</span> <span class='ocrx_word' id='word_1_22' title='bbox 934 575 1172 638; x_wconf 87' lang='lat' dir='ltr'><strong>proprium</strong></span> <span class='ocrx_word' id='word_1_23' title='bbox 1191 588 1358 636; x_wconf 89' lang='lat' dir='ltr'><strong>quem-</strong></span> 
     </span>
    </p>
   </div>
   <div class='ocr_carea' id='block_1_4' title="bbox 20 639 1360 707">
    <p class='ocr_par' dir='ltr' id='par_1_4' title="bbox 20 639 1360 707">
     <span class='ocr_line' id='line_1_6' title="bbox 20 639 1360 707; baseline 0.004 -22"><span class='ocrx_word' id='word_1_24' title='bbox 20 691 25 696; x_wconf 45' lang='lat'><strong>,</strong></span> <span class='ocrx_word' id='word_1_25' title='bbox 74 639 181 686; x_wconf 88' lang='lat' dir='ltr'><strong>dam</strong></span> <span class='ocrx_word' id='word_1_26' title='bbox 214 646 418 693; x_wconf 85' lang='lat' dir='ltr'><strong>mensem</strong></span> <span class='ocrx_word' id='word_1_27' title='bbox 458 648 708 705; x_wconf 88' lang='lat' dir='ltr'><strong>constituit,</strong></span> <span class='ocrx_word' id='word_1_28' title='bbox 752 649 1004 695; x_wconf 84' lang='lat' dir='ltr'>habentem</span> <span class='ocrx_word' id='word_1_29' title='bbox 1053 649 1150 694; x_wconf 90' lang='lat' dir='ltr'><strong>dies</strong></span> <span class='ocrx_word' id='word_1_30' title='bbox 1189 644 1360 707; x_wconf 85' lang='lat' dir='ltr'><strong>viginti</strong></span> 
     </span>
    </p>
   </div>
   <div class='ocr_carea' id='block_1_5' title="bbox 56 712 1421 2253">
    <p class='ocr_par' dir='ltr' id='par_1_5' title="bbox 56 712 1421 2253">
     <span class='ocr_line' id='line_1_7' title="bbox 71 712 1358 786; baseline 0.004 -27"><span class='ocrx_word' id='word_1_31' title='bbox 71 712 160 770; x_wconf 89' lang='lat' dir='ltr'><strong>sex,</strong></span> <span class='ocrx_word' id='word_1_32' title='bbox 209 731 254 764; x_wconf 91' lang='lat' dir='ltr'><strong>et</strong></span> <span class='ocrx_word' id='word_1_33' title='bbox 296 719 428 767; x_wconf 86' lang='lat' dir='ltr'><strong>horas</strong></span> <span class='ocrx_word' id='word_1_34' title='bbox 463 722 631 784; x_wconf 86' lang='lat' dir='ltr'><strong>viginti</strong></span> <span class='ocrx_word' id='word_1_35' title='bbox 673 723 782 769; x_wconf 90' lang='lat' dir='ltr'><strong>duo.</strong></span> <span class='ocrx_word' id='word_1_36' title='bbox 853 724 966 786; x_wconf 72' lang='lat' dir='ltr'><strong>Quo</strong></span> <span class='ocrx_word' id='word_1_37' title='bbox 1002 721 1061 768; x_wconf 91' lang='lat' dir='ltr'><strong>s1c</strong></span> <span class='ocrx_word' id='word_1_38' title='bbox 1098 719 1358 782; x_wconf 75' lang='lat' dir='ltr'><strong>composito</strong></span> 
     </span>
     <span class='ocr_line' id='line_1_8' title="bbox 70 789 1358 859; baseline 0.005 -26"><span class='ocrx_word' id='word_1_39' title='bbox 70 789 241 847; x_wconf 87' lang='lat' dir='ltr'><strong>mense,</strong></span> <span class='ocrx_word' id='word_1_40' title='bbox 284 808 433 856; x_wconf 88' lang='lat' dir='ltr'><strong>eoque</strong></span> <span class='ocrx_word' id='word_1_41' title='bbox 458 793 627 841; x_wconf 91' lang='lat' dir='ltr'><strong>iterum</strong></span> <span class='ocrx_word' id='word_1_42' title='bbox 656 794 701 841; x_wconf 92' lang='lat' dir='ltr'><strong>in</strong></span> <span class='ocrx_word' id='word_1_43' title='bbox 727 808 946 859; x_wconf 88' lang='lat' dir='ltr'><strong>quattuor</strong></span> <span class='ocrx_word' id='word_1_44' title='bbox 971 794 1053 840; x_wconf 86' lang='lat' dir='ltr'><strong>fibi</strong></span> <span class='ocrx_word' id='word_1_45' title='bbox 1080 794 1249 840; x_wconf 79' lang='lat' dir='ltr'><strong>similes</strong></span> <span class='ocrx_word' id='word_1_46' title='bbox 1275 809 1358 856; x_wconf 89' lang='lat' dir='ltr'><strong>pe-</strong></span> 
     </span>
     <span class='ocr_line' id='line_1_9' title="bbox 68 858 1372 930; baseline 0.005 -25"><span class='ocrx_word' id='word_1_47' title='bbox 68 858 224 909; x_wconf 78' lang='lat' dir='ltr'><strong>riodos</strong></span> <span class='ocrx_word' id='word_1_48' title='bbox 265 866 489 924; x_wconf 88' lang='lat' dir='ltr'><strong>resoluto,</strong></span> <span class='ocrx_word' id='word_1_49' title='bbox 533 868 643 914; x_wconf 88' lang='lat' dir='ltr'><strong>inde</strong></span> <span class='ocrx_word' id='word_1_50' title='bbox 680 883 812 915; x_wconf 89' lang='lat' dir='ltr'><strong>natus</strong></span> <span class='ocrx_word' id='word_1_51' title='bbox 852 869 1067 930; x_wconf 85' lang='lat' dir='ltr'><strong>quotiens</strong></span> <span class='ocrx_word' id='word_1_52' title='bbox 1092 866 1224 912; x_wconf 89' lang='lat' dir='ltr'><strong>dabit</strong></span> <span class='ocrx_word' id='word_1_53' title='bbox 1259 866 1372 923; x_wconf 43' lang='lat' dir='ltr'><strong>dies,</strong></span> 
     </span>
     <span class='ocr_line' id='line_1_10' title="bbox 66 932 1358 1003; baseline 0.005 -24"><span class='ocrx_word' id='word_1_54' title='bbox 66 932 159 990; x_wconf 86' lang='lat' dir='ltr'><strong>sex,</strong></span> <span class='ocrx_word' id='word_1_55' title='bbox 197 937 419 1003; x_wconf 83' lang='lat' dir='ltr'>horasque</span> <span class='ocrx_word' id='word_1_56' title='bbox 447 941 779 1003; x_wconf 81' lang='lat' dir='ltr'><strong>septemdecim</strong></span> <span class='ocrx_word' id='word_1_57' title='bbox 818 957 925 987; x_wconf 89' lang='lat' dir='ltr'><strong>cum</strong></span> <span class='ocrx_word' id='word_1_58' title='bbox 956 939 1160 994; x_wconf 69' lang='lat' dir='ltr'><strong>1&#39;emiffe;</strong></span> <span class='ocrx_word' id='word_1_59' title='bbox 1205 938 1358 1003; x_wconf 87' lang='lat' dir='ltr'><strong>cujus·-</strong></span> 
     </span>
     <span class='ocr_line' id='line_1_11' title="bbox 66 1008 1356 1076; baseline 0.005 -25"><span class='ocrx_word' id='word_1_60' title='bbox 66 1008 194 1054; x_wconf 88' lang='lat' dir='ltr'><strong>modi</strong></span> <span class='ocrx_word' id='word_1_61' title='bbox 234 1011 385 1072; x_wconf 88' lang='lat' dir='ltr'><strong>prima</strong></span> <span class='ocrx_word' id='word_1_62' title='bbox 411 1014 718 1076; x_wconf 77' lang='lat' dir='ltr'>Hippocratis</span> <span class='ocrx_word' id='word_1_63' title='bbox 744 1013 997 1076; x_wconf 78' lang='lat' dir='ltr'><strong>septimana</strong></span> <span class='ocrx_word' id='word_1_64' title='bbox 1021 1013 1109 1059; x_wconf 86' lang='lat' dir='ltr'><strong>effe</strong></span> <span class='ocrx_word' id='word_1_65' title='bbox 1134 1012 1356 1064; x_wconf 88' lang='lat' dir='ltr'><strong>creditur,</strong></span> 
     </span>
     <span class='ocr_line' id='line_1_12' title="bbox 66 1082 1355 1148; baseline 0.005 -23"><span class='ocrx_word' id='word_1_66' title='bbox 66 1093 159 1126; x_wconf 88' lang='lat' dir='ltr'><strong>non</strong></span> <span class='ocrx_word' id='word_1_67' title='bbox 188 1082 374 1148; x_wconf 85' lang='lat' dir='ltr'><strong>integris</strong></span> <span class='ocrx_word' id='word_1_68' title='bbox 401 1100 521 1132; x_wconf 89' lang='lat' dir='ltr'><strong>certe</strong></span> <span class='ocrx_word' id='word_1_69' title='bbox 546 1085 712 1132; x_wconf 85' lang='lat' dir='ltr'><strong>diebus</strong></span> <span class='ocrx_word' id='word_1_70' title='bbox 733 1086 1033 1132; x_wconf 86' lang='lat' dir='ltr'><strong>numeranda.</strong></span> <span class='ocrx_word' id='word_1_71' title='bbox 1106 1085 1215 1145; x_wconf 88' lang='lat' dir='ltr'><strong>Jam</strong></span> <span class='ocrx_word' id='word_1_72' title='bbox 1240 1101 1355 1132; x_wconf 89' lang='lat' dir='ltr'><strong>vero</strong></span> 
     </span>
     <span class='ocr_line' id='line_1_13' title="bbox 61 1157 1354 1224; baseline 0.003 -22"><span class='ocrx_word' id='word_1_73' title='bbox 61 1169 158 1216; x_wconf 88' lang='lat' dir='ltr'><strong>quo</strong></span> <span class='ocrx_word' id='word_1_74' title='bbox 183 1157 316 1206; x_wconf 75' lang='lat' dir='ltr'><strong>simul</strong></span> <span class='ocrx_word' id='word_1_75' title='bbox 344 1178 499 1208; x_wconf 88' lang='lat' dir='ltr'><strong>earum</strong></span> <span class='ocrx_word' id='word_1_76' title='bbox 535 1162 646 1208; x_wconf 84' lang='lat' dir='ltr'><strong>duas</strong></span> <span class='ocrx_word' id='word_1_77' title='bbox 669 1162 974 1224; x_wconf 83' lang='lat' dir='ltr'><strong>copulaveris,</strong></span> <span class='ocrx_word' id='word_1_78' title='bbox 1003 1162 1113 1208; x_wconf 88' lang='lat' dir='ltr'><strong>fient</strong></span> <span class='ocrx_word' id='word_1_79' title='bbox 1137 1161 1233 1207; x_wconf 84' lang='lat' dir='ltr'><strong>dies</strong></span> <span class='ocrx_word' id='word_1_80' title='bbox 1259 1172 1354 1206; x_wconf 87' lang='lat' dir='ltr'><strong>ter-</strong></span> 
     </span>
     <span class='ocr_line' id='line_1_14' title="bbox 65 1226 1352 1297; baseline 0.005 -26"><span class='ocrx_word' id='word_1_81' title='bbox 65 1226 239 1288; x_wconf 87' lang='lat' dir='ltr'><strong>decim,</strong></span> <span class='ocrx_word' id='word_1_82' title='bbox 276 1245 323 1278; x_wconf 92' lang='lat' dir='ltr'><strong>et</strong></span> <span class='ocrx_word' id='word_1_83' title='bbox 348 1234 476 1281; x_wconf 85' lang='lat' dir='ltr'><strong>horae</strong></span> <span class='ocrx_word' id='word_1_84' title='bbox 496 1233 734 1290; x_wconf 81' lang='lat' dir='ltr'><strong>undecim,</strong></span> <span class='ocrx_word' id='word_1_85' title='bbox 758 1235 976 1297; x_wconf 83' lang='lat' dir='ltr'><strong>periodus</strong></span> <span class='ocrx_word' id='word_1_86' title='bbox 1002 1249 1169 1295; x_wconf 81' lang='lat' dir='ltr'><strong>nempe</strong></span> <span class='ocrx_word' id='word_1_87' title='bbox 1192 1232 1352 1294; x_wconf 84' lang='lat' dir='ltr'><strong>proxi·</strong></span> 
     </span>
     <span class='ocr_line' id='line_1_15' title="bbox 64 1302 1353 1369; baseline 0.003 -21"><span class='ocrx_word' id='word_1_88' title='bbox 64 1315 141 1346; x_wconf 86' lang='lat' dir='ltr'><strong>me</strong></span> <span class='ocrx_word' id='word_1_89' title='bbox 180 1302 225 1351; x_wconf 86' lang='lat' dir='ltr'><strong>in</strong></span> <span class='ocrx_word' id='word_1_90' title='bbox 257 1306 509 1352; x_wconf 82' lang='lat' dir='ltr'><strong>Decimam</strong></span> <span class='ocrx_word' id='word_1_91' title='bbox 553 1319 784 1369; x_wconf 77' lang='lat' dir='ltr'><strong>quartam,</strong></span> <span class='ocrx_word' id='word_1_92' title='bbox 845 1307 1095 1353; x_wconf 87' lang='lat' dir='ltr'><strong>secundam</strong></span> <span class='ocrx_word' id='word_1_93' title='bbox 1131 1305 1353 1352; x_wconf 87' lang='lat' dir='ltr'><strong>videlicet</strong></span> 
     </span>
     <span class='ocr_line' id='line_1_16' title="bbox 64 1373 1421 1441; baseline 0.001 -18"><span class='ocrx_word' id='word_1_94' title='bbox 64 1373 379 1437; x_wconf 85' lang='lat' dir='ltr'><strong>Hippocratis</strong></span> <span class='ocrx_word' id='word_1_95' title='bbox 418 1378 739 1441; x_wconf 74' lang='lat' dir='ltr'><strong>septimanam,</strong></span> <span class='ocrx_word' id='word_1_96' title='bbox 789 1379 1075 1424; x_wconf 81' lang='lat' dir='ltr'><strong>contendens</strong></span> <span class='ocrx_word' id='word_1_97' title='bbox 1104 1396 1114 1424; x_wconf 79' lang='lat' dir='ltr'><strong><em>z</em></strong></span> <span class='ocrx_word' id='word_1_98' title='bbox 1163 1378 1351 1425; x_wconf 85' lang='lat' dir='ltr'><strong>tertiam</strong></span> <span class='ocrx_word' id='word_1_99' title='bbox 1415 1403 1421 1412; x_wconf 95' lang='lat'><em>·</em></span> 
     </span>
     <span class='ocr_line' id='line_1_17' title="bbox 63 1446 1348 1513; baseline 0.002 -18"><span class='ocrx_word' id='word_1_100' title='bbox 63 1446 268 1513; x_wconf 85' lang='lat' dir='ltr'><strong>denique</strong></span> <span class='ocrx_word' id='word_1_101' title='bbox 292 1451 323 1497; x_wconf 89' lang='lat' dir='ltr'><strong>s1</strong></span> <span class='ocrx_word' id='word_1_102' title='bbox 349 1451 601 1510; x_wconf 86' lang='lat' dir='ltr'><strong>addideris,</strong></span> <span class='ocrx_word' id='word_1_103' title='bbox 630 1451 843 1498; x_wconf 62' lang='lat' dir='ltr'><strong>subducti</strong></span> <span class='ocrx_word' id='word_1_104' title='bbox 870 1452 977 1498; x_wconf 90' lang='lat' dir='ltr'><strong>inde</strong></span> <span class='ocrx_word' id='word_1_105' title='bbox 1002 1451 1098 1497; x_wconf 89' lang='lat' dir='ltr'><strong>dies</strong></span> <span class='ocrx_word' id='word_1_106' title='bbox 1122 1452 1167 1497; x_wconf 88' lang='lat' dir='ltr'><strong>in</strong></span> <span class='ocrx_word' id='word_1_107' title='bbox 1187 1452 1348 1513; x_wconf 81' lang='lat' dir='ltr'><strong>vigin-</strong></span> 
     </span>
     <span class='ocr_line' id='line_1_18' title="bbox 62 1519 1349 1588; baseline 0.005 -23"><span class='ocrx_word' id='word_1_108' title='bbox 62 1519 97 1566; x_wconf 88' lang='lat' dir='ltr'><strong>ti</strong></span> <span class='ocrx_word' id='word_1_109' title='bbox 123 1524 341 1582; x_wconf 86' lang='lat' dir='ltr'><strong>evadent,</strong></span> <span class='ocrx_word' id='word_1_110' title='bbox 383 1525 828 1588; x_wconf 77' lang='lat' dir='ltr'><strong>quattuorinsuper</strong></span> <span class='ocrx_word' id='word_1_111' title='bbox 868 1541 976 1571; x_wconf 90' lang='lat' dir='ltr'><strong>cum</strong></span> <span class='ocrx_word' id='word_1_112' title='bbox 1010 1524 1184 1570; x_wconf 79' lang='lat' dir='ltr'><strong>semisse</strong></span> <span class='ocrx_word' id='word_1_113' title='bbox 1223 1524 1349 1573; x_wconf 88' lang='lat' dir='ltr'><strong>horis</strong></span> 
     </span>
     <span class='ocr_line' id='line_1_19' title="bbox 63 1596 1346 1662; baseline 0.002 -21"><span class='ocrx_word' id='word_1_114' title='bbox 63 1596 261 1646; x_wconf 85' lang='lat' dir='ltr'><strong>additis:</strong></span> <span class='ocrx_word' id='word_1_115' title='bbox 305 1600 482 1662; x_wconf 82' lang='lat' dir='ltr'><strong>eritque</strong></span> <span class='ocrx_word' id='word_1_116' title='bbox 507 1597 758 1662; x_wconf 76' lang='lat' dir='ltr'><strong>vigesimus</strong></span> <span class='ocrx_word' id='word_1_117' title='bbox 791 1599 906 1656; x_wconf 89' lang='lat' dir='ltr'><strong>dies,</strong></span> <span class='ocrx_word' id='word_1_118' title='bbox 933 1599 1038 1662; x_wconf 88' lang='lat' dir='ltr'><strong>plus</strong></span> <span class='ocrx_word' id='word_1_119' title='bbox 1064 1615 1206 1662; x_wconf 88' lang='lat' dir='ltr'><strong>quam</strong></span> <span class='ocrx_word' id='word_1_120' title='bbox 1247 1598 1346 1661; x_wconf 88' lang='lat' dir='ltr'><strong>pri-</strong></span> 
     </span>
     <span class='ocr_line' id='line_1_20' title="bbox 60 1671 1346 1735; baseline 0.001 -18"><span class='ocrx_word' id='word_1_121' title='bbox 60 1684 164 1717; x_wconf 85' lang='lat' dir='ltr'><strong>mus</strong></span> <span class='ocrx_word' id='word_1_122' title='bbox 189 1685 236 1718; x_wconf 90' lang='lat' dir='ltr'><strong>et</strong></span> <span class='ocrx_word' id='word_1_123' title='bbox 259 1673 508 1735; x_wconf 77' lang='lat' dir='ltr'><strong>vigesimus</strong></span> <span class='ocrx_word' id='word_1_124' title='bbox 535 1674 580 1719; x_wconf 91' lang='lat' dir='ltr'><strong>in</strong></span> <span class='ocrx_word' id='word_1_125' title='bbox 605 1675 877 1721; x_wconf 82' lang='lat' dir='ltr'><strong>morborum</strong></span> <span class='ocrx_word' id='word_1_126' title='bbox 902 1671 1094 1735; x_wconf 80' lang='lat' dir='ltr'><strong>judiciis</strong></span> <span class='ocrx_word' id='word_1_127' title='bbox 1133 1684 1346 1718; x_wconf 90' lang='lat' dir='ltr'><strong>contem-</strong></span> 
     </span>
     <span class='ocr_line' id='line_1_21' title="bbox 62 1744 1346 1810; baseline 0.002 -20"><span class='ocrx_word' id='word_1_128' title='bbox 62 1744 267 1806; x_wconf 81' lang='lat' dir='ltr'><strong>plabilis,</strong></span> <span class='ocrx_word' id='word_1_129' title='bbox 339 1749 649 1804; x_wconf 83' lang='lat' dir='ltr'><strong>Postremum,</strong></span> <span class='ocrx_word' id='word_1_130' title='bbox 678 1748 710 1794; x_wconf 83' lang='lat' dir='ltr'><strong>fi</strong></span> <span class='ocrx_word' id='word_1_131' title='bbox 747 1761 969 1810; x_wconf 86' lang='lat' dir='ltr'><strong>quattuor</strong></span> <span class='ocrx_word' id='word_1_132' title='bbox 993 1747 1128 1795; x_wconf 76' lang='lat' dir='ltr'><strong>simul</strong></span> <span class='ocrx_word' id='word_1_133' title='bbox 1152 1746 1346 1793; x_wconf 89' lang='lat' dir='ltr'><strong>medici-</strong></span> 
     </span>
     <span class='ocr_line' id='line_1_22' title="bbox 62 1818 1347 1884; baseline 0.002 -21"><span class='ocrx_word' id='word_1_134' title='bbox 62 1818 179 1865; x_wconf 85' lang='lat' dir='ltr'><strong>nalis</strong></span> <span class='ocrx_word' id='word_1_135' title='bbox 199 1821 369 1868; x_wconf 76' lang='lat' dir='ltr'><strong>mensls</strong></span> <span class='ocrx_word' id='word_1_136' title='bbox 392 1821 643 1884; x_wconf 86' lang='lat' dir='ltr'><strong>particulas</strong></span> <span class='ocrx_word' id='word_1_137' title='bbox 676 1820 935 1883; x_wconf 85' lang='lat' dir='ltr'><strong>sumpseris,</strong></span> <span class='ocrx_word' id='word_1_138' title='bbox 962 1833 1184 1882; x_wconf 86' lang='lat' dir='ltr'><strong>quattuor</strong></span> <span class='ocrx_word' id='word_1_139' title='bbox 1207 1819 1347 1882; x_wconf 89' lang='lat' dir='ltr'><strong>septi-</strong></span> 
     </span>
     <span class='ocr_line' id='line_1_23' title="bbox 57 1894 1344 1957; baseline 0.002 -20"><span class='ocrx_word' id='word_1_140' title='bbox 57 1907 317 1949; x_wconf 86' lang='lat' dir='ltr'><strong>manarum,</strong></span> <span class='ocrx_word' id='word_1_141' title='bbox 355 1911 468 1957; x_wconf 86' lang='lat' dir='ltr'><strong>quas</strong></span> <span class='ocrx_word' id='word_1_142' title='bbox 513 1895 835 1956; x_wconf 88' lang='lat' dir='ltr'><strong>Hippocrates</strong></span> <span class='ocrx_word' id='word_1_143' title='bbox 869 1894 1173 1956; x_wconf 81' lang='lat' dir='ltr'><strong>defignaviffe</strong></span> <span class='ocrx_word' id='word_1_144' title='bbox 1210 1894 1344 1940; x_wconf 92' lang='lat' dir='ltr'><strong>vide-</strong></span> 
     </span>
     <span class='ocr_line' id='line_1_24' title="bbox 60 1965 1342 2028; baseline 0 -17"><span class='ocrx_word' id='word_1_145' title='bbox 60 1978 151 2021; x_wconf 86' lang='lat' dir='ltr'><strong>tur,</strong></span> <span class='ocrx_word' id='word_1_146' title='bbox 189 1966 427 2013; x_wconf 83' lang='lat' dir='ltr'><strong>intervalla</strong></span> <span class='ocrx_word' id='word_1_147' title='bbox 463 1967 754 2021; x_wconf 87' lang='lat' dir='ltr'><strong>constabunt,</strong></span> <span class='ocrx_word' id='word_1_148' title='bbox 792 1983 990 2028; x_wconf 88' lang='lat' dir='ltr'><strong>quarum</strong></span> <span class='ocrx_word' id='word_1_149' title='bbox 1034 1965 1213 2012; x_wconf 86' lang='lat' dir='ltr'><strong>summa</strong></span> <span class='ocrx_word' id='word_1_150' title='bbox 1244 1965 1342 2012; x_wconf 88' lang='lat' dir='ltr'><strong>dies</strong></span> 
     </span>
     <span class='ocr_line' id='line_1_25' title="bbox 58 2040 1341 2103; baseline 0 -17"><span class='ocrx_word' id='word_1_151' title='bbox 58 2041 228 2103; x_wconf 89' lang='lat' dir='ltr'><strong>viginti</strong></span> <span class='ocrx_word' id='word_1_152' title='bbox 256 2040 346 2096; x_wconf 83' lang='lat' dir='ltr'><strong>sex,</strong></span> <span class='ocrx_word' id='word_1_153' title='bbox 373 2054 418 2087; x_wconf 92' lang='lat' dir='ltr'><strong>et</strong></span> <span class='ocrx_word' id='word_1_154' title='bbox 440 2041 575 2087; x_wconf 86' lang='lat' dir='ltr'><strong>horas</strong></span> <span class='ocrx_word' id='word_1_155' title='bbox 600 2040 771 2102; x_wconf 87' lang='lat' dir='ltr'><strong>viginti</strong></span> <span class='ocrx_word' id='word_1_156' title='bbox 797 2041 891 2086; x_wconf 88' lang='lat' dir='ltr'><strong>duo</strong></span> <span class='ocrx_word' id='word_1_157' title='bbox 917 2053 1159 2102; x_wconf 85' lang='lat' dir='ltr'><strong>coaequat:</strong></span> <span class='ocrx_word' id='word_1_158' title='bbox 1210 2040 1341 2086; x_wconf 85' lang='lat' dir='ltr'><strong>exin-</strong></span> 
     </span>
     <span class='ocr_line' id='line_1_26' title="bbox 57 2114 1342 2179; baseline 0 -17"><span class='ocrx_word' id='word_1_159' title='bbox 57 2116 210 2179; x_wconf 89' lang='lat' dir='ltr'><strong>deque</strong></span> <span class='ocrx_word' id='word_1_160' title='bbox 241 2115 259 2145; x_wconf 72' lang='lat'>3</span> <span class='ocrx_word' id='word_1_161' title='bbox 286 2115 524 2179; x_wconf 81' lang='lat' dir='ltr'><strong>Vigefima</strong></span> <span class='ocrx_word' id='word_1_162' title='bbox 570 2127 616 2161; x_wconf 88' lang='lat' dir='ltr'><strong>et</strong></span> <span class='ocrx_word' id='word_1_163' title='bbox 657 2114 848 2177; x_wconf 86' lang='lat' dir='ltr'><strong>septima</strong></span> <span class='ocrx_word' id='word_1_164' title='bbox 892 2115 1120 2176; x_wconf 85' lang='lat' dir='ltr'><strong>integram</strong></span> <span class='ocrx_word' id='word_1_165' title='bbox 1163 2127 1342 2177; x_wconf 85' lang='lat' dir='ltr'><strong>quartae</strong></span> 
     </span>
     <span class='ocr_line' id='line_1_27' title="bbox 56 2186 1342 2253; baseline 0.001 -17"><span class='ocrx_word' id='word_1_166' title='bbox 56 2190 327 2253; x_wconf 84' lang='lat' dir='ltr'><strong>septimanae</strong></span> <span class='ocrx_word' id='word_1_167' title='bbox 370 2189 631 2253; x_wconf 88' lang='lat' dir='ltr'><strong>periodum,</strong></span> <span class='ocrx_word' id='word_1_168' title='bbox 682 2187 970 2251; x_wconf 84' lang='lat' dir='ltr'><strong>judiciorum</strong></span> <span class='ocrx_word' id='word_1_169' title='bbox 1017 2186 1342 2237; x_wconf 74' lang='lat' dir='ltr'><strong>feraciffimam&#39;</strong></span> 
     </span>
    </p>
   </div>
   <div class='ocr_carea' id='block_1_6' title="bbox 58 2264 246 2311">
    <p class='ocr_par' dir='ltr' id='par_1_6' title="bbox 58 2264 246 2311">
     <span class='ocr_line' id='line_1_28' title="bbox 58 2264 246 2311; baseline -0.016 0"><span class='ocrx_word' id='word_1_170' title='bbox 58 2264 246 2311; x_wconf 87' lang='lat' dir='ltr'><strong>efficiet.</strong></span> 
     </span>
    </p>
   </div>
   <div class='ocr_carea' id='block_1_7' title="bbox 17 2429 1346 2512">
    <p class='ocr_par' dir='ltr' id='par_1_7' title="bbox 17 2429 1346 2512">
     <span class='ocr_line' id='line_1_29' title="bbox 17 2429 1346 2512; baseline 0.001 -21"><span class='ocrx_word' id='word_1_171' title='bbox 17 2433 21 2442; x_wconf 39' lang='lat'>⁸</span> <span class='ocrx_word' id='word_1_172' title='bbox 85 2429 117 2476; x_wconf 30' lang='lat'><strong>*⁸</strong></span> <span class='ocrx_word' id='word_1_173' title='bbox 147 2450 263 2491; x_wconf 70' lang='lat' dir='ltr'><strong>Conf.</strong></span> <span class='ocrx_word' id='word_1_174' title='bbox 286 2452 378 2490; x_wconf 85' lang='lat' dir='ltr'><strong>Gal.</strong></span> <span class='ocrx_word' id='word_1_175' title='bbox 398 2453 458 2489; x_wconf 87' lang='lat' dir='ltr'><strong>De</strong></span> <span class='ocrx_word' id='word_1_176' title='bbox 475 2451 584 2490; x_wconf 64' lang='lat' dir='ltr'><em>Dieb.</em></span> <span class='ocrx_word' id='word_1_177' title='bbox 613 2453 762 2492; x_wconf 69' lang='lat' dir='ltr'><strong>Deera.</strong></span> <span class='ocrx_word' id='word_1_178' title='bbox 790 2453 877 2491; x_wconf 70' lang='lat' dir='ltr'><strong>Lib.</strong></span> <span class='ocrx_word' id='word_1_179' title='bbox 903 2453 975 2492; x_wconf 86' lang='grc' dir='ltr'>ΙΙΙ.</span> <span class='ocrx_word' id='word_1_180' title='bbox 996 2452 1086 2512; x_wconf 80' lang='lat' dir='ltr'><strong>itern</strong></span> <span class='ocrx_word' id='word_1_181' title='bbox 1116 2465 1203 2508; x_wconf 87' lang='lat' dir='ltr'><strong>quae</strong></span> <span class='ocrx_word' id='word_1_182' title='bbox 1234 2452 1346 2505; x_wconf 77' lang='lat' dir='ltr'><strong>supra</strong></span> 
     </span>
    </p>
   </div>
   <div class='ocr_carea' id='block_1_8' title="bbox 47 2511 1069 2565">
    <p class='ocr_par' dir='ltr' id='par_1_8' title="bbox 47 2511 1069 2565">
     <span class='ocr_line' id='line_1_30' title="bbox 47 2511 1069 2565; baseline 0 -12"><span class='ocrx_word' id='word_1_183' title='bbox 47 2513 270 2565; x_wconf 76' lang='lat' dir='ltr'><strong>scripsimus,</strong></span> <span class='ocrx_word' id='word_1_184' title='bbox 291 2513 371 2552; x_wconf 86' lang='lat' dir='ltr'><em>Vol.</em></span> <span class='ocrx_word' id='word_1_185' title='bbox 396 2512 429 2550; x_wconf 88' lang='grc' dir='ltr'><strong>Ι.</strong></span> <span class='ocrx_word' id='word_1_186' title='bbox 460 2513 511 2550; x_wconf 93' lang='lat' dir='ltr'><strong>P.</strong></span> <span class='ocrx_word' id='word_1_187' title='bbox 532 2511 558 2552; x_wconf 86' lang='lat' dir='ltr'><strong>i.</strong></span> <span class='ocrx_word' id='word_1_188' title='bbox 587 2522 664 2565; x_wconf 86' lang='lat' dir='ltr'><strong>cap.</strong></span> <span class='ocrx_word' id='word_1_189' title='bbox 685 2526 723 2550; x_wconf 80' lang='lat' dir='ltr'><strong>v.</strong></span> <span class='ocrx_word' id='word_1_190' title='bbox 753 2522 791 2551; x_wconf 89' lang='lat' dir='ltr'><strong>et</strong></span> <span class='ocrx_word' id='word_1_191' title='bbox 808 2522 883 2564; x_wconf 87' lang='lat' dir='ltr'><strong>cap.</strong></span> <span class='ocrx_word' id='word_1_192' title='bbox 904 2512 928 2552; x_wconf 88' lang='lat' dir='ltr'><strong>i.</strong></span> <span class='ocrx_word' id='word_1_193' title='bbox 958 2515 1008 2553; x_wconf 88' lang='lat' dir='ltr'><strong>P.</strong></span> <span class='ocrx_word' id='word_1_194' title='bbox 1029 2514 1069 2556; x_wconf 83' lang='lat' dir='ltr'><strong>ii.</strong></span> 
     </span>
    </p>
   </div>
   <div class='ocr_carea' id='block_1_9' title="bbox 617 2652 1335 2715">
    <p class='ocr_par' dir='ltr' id='par_1_9' title="bbox 617 2652 1335 2715">
     <span class='ocr_line' id='line_1_31' title="bbox 617 2652 1335 2715; baseline -0.004 -16"><span class='ocrx_word' id='word_1_195' title='bbox 617 2652 665 2699; x_wconf 94' lang='lat' dir='ltr'>L</span> <span class='ocrx_word' id='word_1_196' title='bbox 700 2667 728 2699; x_wconf 86' lang='lat'><strong>2</strong></span> <span class='ocrx_word' id='word_1_197' title='bbox 1078 2665 1155 2710; x_wconf 86' lang='lat'><strong>14.</strong></span> <span class='ocrx_word' id='word_1_198' title='bbox 1194 2652 1335 2715; x_wconf 83' lang='lat' dir='ltr'><strong>Qae,</strong></span> 
     </span>
    </p>
   </div>
  </div>
 </body>
</html>
