1871 3211
439 247 1139 299 SANORUM.
1356 267 1423 306 u

211 395 283 431 10.
325 380 394 427 At
407 396 520 428 vero
542 382 817 430 incredibile
841 380 1020 445 prorsus
1041 382 1121 440 est,
1142 398 1285 448 quam
1302 387 1429 433 mul-

140 467 187 502 ta
232 455 480 502 nonnullos
525 469 682 503 teneat
715 456 946 514 omnium,
1007 472 1115 521 quae
1161 472 1242 520 per
1286 458 1435 506 vitam

138 540 354 590 aguntur,
388 544 542 575 rerum
565 528 906 576 ordinatissima
931 529 1238 576 consuetudo.
1314 529 1436 576 Sunt

136 598 220 662 qui
245 599 358 646 stato
383 600 632 648 dumtaxat
651 601 742 648 diei
774 602 1022 649 intervallo
1048 601 1321 649 muneribus
1347 601 1435 649 suis

137 671 272 735 fungi
297 675 553 737 patiantur,
594 690 702 738 quae
727 689 838 722 tunc
876 674 932 721 iis
971 675 1224 722 minimum
1251 676 1437 722 incom-

136 747 269 794 modi
296 748 496 796 afferunt
518 768 529 797 :
568 750 698 813 quod
726 750 756 796 fi
782 764 948 814 praeter
970 749 1353 812 consuetudinem
1380 749 1437 795 iis

136 820 466 881 destineantur,
534 823 733 870 multam
792 824 960 871 exinde
1010 823 1177 871 fastidii
1233 824 1435 871 caussam

135 896 420 959 percipiunt.
493 897 847 944 Deambulandi
891 897 1102 944 similiter
1128 897 1438 960 animumque

135 968 403 1017 oblectandi
428 983 658 1034 tempora,
707 986 753 1018 et
790 984 955 1018 caetera
980 987 1182 1035 quorum
1211 970 1436 1017 exercitio

137 1055 327 1102 vacant,
371 1043 506 1091 certis
533 1044 627 1090 diei
671 1044 930 1091 intervallis
968 1043 1240 1100 metiuntur,
1288 1059 1435 1107 eaque

138 1130 230 1160 non
255 1118 429 1181 absque
462 1118 608 1163 animi
640 1118 919 1180 aegritudine
954 1118 1219 1181 paullulum
1258 1116 1436 1163 immu-

138 1190 221 1234 tari
247 1189 412 1236 sinunt.
483 1190 671 1236 Exinde
709 1189 1031 1253 soporosorum
1061 1190 1284 1237 recidivae
1307 1207 1435 1253 quae-

136 1263 247 1309 dam
275 1264 321 1310 in
343 1264 535 1320 morbo,
565 1264 735 1327 pariter
759 1276 899 1327 atque
942 1266 989 1310 in
1027 1264 1219 1309 sanitate
1249 1263 1436 1310 habitu-

137 1335 288 1392 dineS,
334 1337 448 1384 item
475 1350 521 1382 et
545 1351 731 1391 eorum,
775 1334 1075 1401 quijamque
1112 1333 1235 1381 senio
1276 1350 1438 1383 conta-

138 1408 352 1463 bescunt.
427 1408 513 1454 Vir
537 1408 752 1471 quidam,
805 1408 1066 1454 litterarum
1093 1407 1247 1454 cultor
1268 1409 1439 1455 assidu-

137 1501 208 1540 us,
249 1501 358 1531 cum
384 1499 575 1546 repente
602 1481 923 1546 apoplefticus
948 1481 1234 1539 concidisset,
1270 1498 1325 1529 ea
1342 1482 1437 1532 diei

136 1556 249 1602 hora
274 1572 367 1620 qua
390 1556 435 1602 se
474 1557 532 1602 ad
557 1554 851 1602 scribendum
881 1554 1091 1602 conferre
1117 1555 1440 1612 consueverat,

136 1646 248 1676 cum
272 1631 404 1677 sanus
430 1631 557 1686 effet,
596 1629 919 1697 apoplefficus
948 1629 1091 1676 etiam
1129 1645 1296 1676 manus
1320 1628 1438 1676 effe-

136 1705 285 1760 rebat,
313 1718 359 1751 et
377 1704 616 1751 scribentis
653 1704 698 1754 in
725 1719 905 1750 morem
925 1703 1099 1767 digitos
1123 1702 1348 1766 agitabat,
1390 1715 1439 1749 et

137 1778 331 1841 quidem
355 1791 457 1825 toto
498 1794 554 1826 eo
589 1777 817 1841 temporis
837 1775 1002 1842 spati0,
1040 1772 1172 1842 quod
1195 1776 1440 1824 scribendo

138 1849 270 1898 sanus
295 1851 600 1915 impendebat
622 1869 632 1898 z
687 1851 788 1897 vidi
814 1864 860 1900 et
883 1849 1037 1898 senem
1065 1849 1327 1912 nonaginta
1354 1865 1437 1896 an-

140 1940 226 1972 nos
251 1926 507 1981 emensum,
555 1925 637 1990 qui
677 1925 803 1971 statis
838 1924 1080 1971 matutinis
1107 1935 1154 1969 et
1177 1922 1437 1987 pomeridi-

139 1997 239 2044 anis
282 1998 407 2045 horis
433 1999 628 2044 affuetas
652 1996 877 2044 fundebat
901 1998 1008 2043 Deo
1039 2010 1222 2059 preces,
1271 1994 1441 2041 lithur-

139 2072 269 2136 gicas
318 2071 605 2119 ceremonias
648 2086 811 2116 omnes
859 2070 1196 2117 accuratissime
1241 2066 1441 2124 servanS,

141 2146 269 2210 quasi
289 2146 411 2193 sacra
436 2144 802 2192 ministrantibus
824 2141 1050 2190 adfuiffet.
1124 2140 1308 2189 Similia
1326 2140 1442 2188 alibi

141 2220 358 2282 exempla
375 2219 624 2282 complura
647 2217 868 2281 prostant,
891 2217 1010 2265 inter
1034 2232 1142 2280 quae
1164 2213 1444 2278 praeclarum

143 2294 263 2342 illud
280 2294 451 2341 Idiotae
471 2292 709 2356 cujusdam
724 2290 762 2348 ⁶·‚
787 2291 995 2356 quicum
1013 2289 1192 2336 statutis
1212 2288 1466 2357 pulsantis-0

142 2384 389 2432 campanae
428 2369 571 2424 horis,
614 2365 862 2414 canonicas
899 2380 1061 2429 preces
1094 2363 1278 2428 jamdiu
1322 2362 1442 2409 reci·-

143 2447 275 2499 taret',
323 2434 397 2489 eas
433 2442 599 2489 eadem
644 2441 922 2487 adamuffim
957 2440 1086 2496 hora,
1133 2437 1263 2485 nullo
1299 2435 1443 2488 inter,-

145 2517 342 2585 cedente
369 2532 608 2581 campana:
632 2514 801 2571 sonitu,
832 2513 1045 2562 iterabat.

621 2671 638 2695 ⁶
665 2672 854 2727 Spefflator,
889 2683 979 2729 447.
1262 2736 1300 2784 P
1336 2734 1370 2782 st

1141 2754 1219 2786 ΙΙἓ
1305 2752 1334 2783 O
1373 2750 1445 2782 ffic-
