1871 3211
454 157 546 218 196
682 155 797 204 DE
845 156 1025 205 v1T.
1071 156 1455 207 ἼΡΕΗῙΟῙ).

454 290 675 338 Tandem
712 307 793 337 cur
824 290 1074 338 minimum
1110 291 1360 355 aliquando
1384 288 1614 336 infliCtum
1638 283 1734 334 cuti

453 364 646 422 vulnus,
689 364 826 428 inque
848 365 938 427 ipsa
959 381 1088 411 vcnae
1112 364 1323 420 senione,
1360 362 1483 408 unde
1504 362 1621 424 saepe
1647 360 1738 406 im-

453 431 630 484 meritae
662 438 857 484 totidem
883 455 990 500 erga
1015 437 1269 500 Chirurgos
1291 437 1627 500 quaerimoniae,
1668 433 1740 479 su·

458 510 559 556 bito
585 511 631 556 in
657 512 992 573 phlegmonem
1018 510 1292 566 exardescat,
1337 509 1431 555 cita
1470 508 1568 572 post
1592 519 1743 553 morte

458 583 742 629 finiendum:
781 583 909 646 quod
934 585 1139 629 maxime
1163 584 1350 629 illorum
1376 582 1455 638 est,
1485 581 1564 645 qui
1597 578 1745 626 divite

459 656 901 712 inflammabilitate,
918 656 1150 701 debilibus
1177 656 1334 703 solidis
1350 671 1451 701 eam
1472 671 1593 717 aegre
1613 668 1745 699 coer-

463 730 692 784 centibus,
721 728 919 789 pollent,
957 740 1002 771 et
1026 728 1199 788 quibus
1237 744 1495 789 perperam,
1532 726 1750 772 salutares

461 800 690 867 Principii
717 801 948 860 impetum
972 796 1184 843 facientis
1211 799 1437 844 fluxiones
1471 800 1749 860 procedunt,

464 874 608 922 veluti
629 873 710 920 sub
727 872 904 918 difficili
927 871 1231 916 foeminarum
1248 871 1618 918 menstruatione.
1645 873 1749 918 An-

464 965 558 996 non
577 948 718 1008 igitur
742 944 991 991 consimilis
1017 944 1227 990 ducenda
1247 960 1437 1008 quoque
1461 944 1757 1006 eritfonticu·

467 1023 603 1068 lorum
628 1019 760 1074 ratio,
806 1033 1010 1080 quorum
1041 1019 1228 1080 egregia
1270 1018 1314 1063 in
1348 1018 1589 1064 sanitatem
1615 1018 1758 1064 bene-

470 1095 607 1150 facra,
649 1093 726 1138 vix
758 1091 970 1155 profecto
1009 1109 1065 1138 ex
1090 1092 1288 1138 minima
1311 1091 1521 1138 exeuntis
1548 1092 1760 1138 humoris

471 1160 730 1225 quantitate
747 1157 957 1205 {estimari
977 1172 1154 1221 queunt
1173 1176 1183 1204 ;
1225 1174 1524 1222 quorumque
1545 1171 1761 1205 contem-

473 1235 676 1300 platione
703 1233 838 1280 facile
862 1234 1014 1279 omnis
1042 1233 1318 1280 Humoralis
1346 1232 1628 1295 Pathologia
1653 1231 1762 1280 sub'-

474 1310 687 1357 vertitur.
779 1309 848 1353 At
895 1307 947 1354 iis
994 1307 1187 1370 quidem
1245 1307 1452 1353 indebite
1501 1306 1762 1370 suppressiS,

471 1513 571 1562 Ingr.
592 1523 708 1561 quam
728 1510 883 1547 alteram
905 1508 1141 1560 aegritudinis
1163 1506 1327 1559 speciem
1347 1507 1441 1559 saepc
1463 1505 1631 1547 similiter
1649 1518 1779 1556 proce·

473 1571 565 1608 dens
587 1570 800 1607 Pubertatis
833 1580 979 1618 tempus
1008 1569 1124 1606 sanat.
1182 1567 1414 1606 Postremum
1448 1567 1514 1604 vix
1547 1565 1781 1612 animadverf

475 1627 553 1665 tisse
580 1628 722 1678 pigent,
753 1627 917 1672 Celsum,
951 1627 1051 1664 inter
1082 1628 1276 1672 summam,
1309 1640 1425 1676 quam
1456 1624 1610 1671 extulit,
1632 1624 1782 1676 Hippo·

473 1686 703 1724 craticorum
718 1685 947 1724 circuituum
967 1685 1287 1731 incredulitatem,
1316 1699 1378 1722 eos
1411 1684 1531 1723 nihilo
1560 1696 1688 1722 tamen
1714 1684 1782 1722 mi-

478 1760 549 1784 nus
575 1745 613 1781 in
636 1745 936 1795 Epilepticorum
957 1745 1229 1792 suffitionibus,
1255 1746 1399 1782 summa
1420 1758 1512 1782 cura
1527 1744 1784 1783 custodiviffe:

476 1817 596 1856 quare
615 1803 741 1841 cibum
763 1804 869 1840 simul
891 1816 931 1839 ac
953 1804 1096 1841 transiit
1116 1805 1223 1850 hora,
1252 1817 1327 1853 qua
1343 1803 1512 1841 concidit
1533 1804 1784 1854 Epilepticus,

476 1863 557 1915 post
577 1863 732 1900 tertium
754 1863 851 1900 diem
872 1862 958 1899 dare
978 1863 1116 1910 suadet,
1146 1874 1227 1900 tum
1247 1862 1498 1901 intermittere
1519 1875 1713 1915 quartum,
1749 1874 1788 1902 et

477 1924 642 1962 invicem
664 1924 771 1959 alter
767 1936 825 1959 uu
848 1936 1055 1973 quemque,
1089 1923 1219 1960 eadem
1241 1924 1337 1960 hora
1364 1921 1439 1960 cibi
1473 1922 1636 1970 servata,
1667 1923 1788 1961 donec

479 1981 786 2034 quattuordecim
816 1981 893 2018 dics
923 1992 957 2017 tl
961 1981 1147 2019 uiuerint
1204 1982 1276 2020 Sed
1307 1992 1444 2032 praeter
1476 1995 1531 2029 ea,
1565 1996 1652 2034 quae
1691 1981 1791 2020 dixi-

481 2052 783 2088 mu,1ntit1t1s
818 2040 968 2079 ulibiin
1000 2057 1040 2078 ae
1034 2052 1219 2091 r:rotintc‚
1259 2040 1441 2091 Principil
1479 2040 1665 2092 impetum
1699 2041 1792 2080 faci-

482 2102 580 2139 entis
601 2101 691 2138 fluz'
685 2115 801 2140 ones.
832 2116 849 2137 1
856 2101 882 2137 il
904 2115 1011 2152 seque
1030 2084 1049 2138 i·
1046 2104 1193 2139 mando
1224 2102 1357 2139 morbo
1376 2101 1537 2152 prodest,
1572 2116 1689 2154 quam
1710 2100 1794 2139 uni·

483 2161 599 2206 versa,
634 2174 712 2211 quo
728 2163 813 2210 plus
836 2160 915 2197 fieri
935 2160 1067 2210 potest,
1090 2159 1410 2198 consuetudinum
1435 2159 1540 2198 Vitae
1560 2159 1742 2198 mutatio:
1767 2157 1796 2196 fi

485 2221 579 2271 quid
600 2221 698 2258 enim
731 2222 953 2271 interposita
984 2222 1236 2260 remediorum
1265 2220 1492 2273 frequentia,
1525 2235 1644 2273 quarn
1672 2220 1798 2259 voluit

487 2280 782 2330 Sydhenamius,
818 2281 863 2318 ad
905 2281 1112 2320 sanandum
1157 2281 1317 2327 confert,
1356 2296 1433 2319 non
1471 2291 1573 2319 certe
1600 2294 1669 2318 nec
1709 2293 1798 2331 pur-

489 2341 628 2390 gando,
651 2355 774 2393 neque
802 2342 993 2388 leniendo,
1025 2347 1097 2380 διε.
1128 2358 1171 2381 ca
1193 2342 1432 2392 singulariter
1447 2341 1596 2392 juvant,
1613 2341 1675 2380 sed
1693 2339 1799 2393 quod

487 2398 588 2435 inter
616 2400 706 2445 haec,
740 2414 927 2438 novorum
957 2403 1142 2453 perpetim
1181 2412 1354 2441 motuum
1386 2402 1626 2452 adjunc'tione
1658 2415 1795 2452 corpus

492 2472 604 2494 omne
626 2469 725 2495 mute
722 2470 807 2507 .·,tui
826 2462 934 2498 tandi
941 2477 1069 2514 mque,
1092 2478 1178 2501 cum
1192 2464 1355 2514 praesens
1376 2465 1530 2503 morbus
1543 2464 1708 2502 sanando
1724 2476 1801 2500 non

492 2515 548 2560 fit,
579 2515 789 2568 quisenfim
808 2520 1060 2572 iubsequitur,
1081 2523 1275 2574 suamque,
1309 2534 1346 2562 et
1379 2523 1536 2562 alterius
1564 2521 1794 2562 sanationem

494 2575 589 2625 finit,
622 2577 773 2628 ipseque
789 2578 861 2616 etia
866 2593 901 2617 m
921 2581 1046 2621 efficit.

1659 2649 1790 2701 quot,
