1871 3211
396 235 1100 286 SANORUM.
1347 254 1407 304 19

111 370 339 420 bil-itatem
378 371 636 436 patiuntur.
708 369 925 418 Profecto
963 370 1094 434 quod
1119 370 1403 420 halituosum

109 445 156 490 in
218 444 337 493 cibis
376 445 458 503 est,
506 445 714 495 celeriter
746 445 921 493 Lactea
967 443 1103 499 subit,
1142 456 1188 489 et
1230 446 1399 492 tenuis-

105 516 207 563 fimi
234 519 440 582 vaporis,
482 517 680 574 elastici,·
713 518 918 574 odorofi,
944 517 1056 564 vitae
1080 529 1125 563 et
1149 532 1402 565 nervorum

109 590 391 649 amiciffimi,
436 591 637 639 formam
678 591 941 654 indeptum,
979 589 1166 654 proprie
1201 607 1284 654 gas
1321 607 1403 637 nu-

106 666 329 724 tritivum,
371 668 512 732 paulo
538 666 640 731 post
683 683 708 712 a
732 666 1060 729 deglutitione,
1078 664 1276 728 jamque
1299 665 1404 711 uni-

107 740 292 788 versum
318 756 485 806 corpus
512 742 784 789 circumeat.
856 741 1036 787 Verum
1076 739 1201 786 enim
1242 753 1405 801 praeter

111 813 315 861 subitam
341 833 366 863 a
388 816 710 863 comiffatione
744 814 915 861 virium
941 814 1297 878 reparationem,
1333 831 1407 859 re-

108 887 230 935 flexa
253 888 396 937 etiam
420 889 656 954 aprandio
677 890 795 936 intra
811 891 1023 952 palatum
1048 889 1226 951 lingua,
1251 887 1405 934 ascen-

107 961 178 1008 dit
203 963 354 1012 dulcis
379 964 573 1028 quidam
601 964 892 1012 suaviffimus
919 964 1070 1026 sapor,
1112 963 1236 1009 haud
1266 961 1402 1010 facile

111 1051 222 1102 cum
247 1037 337 1085 alio
362 1039 588 1102 quopiam
622 1037 976 1101 comparabilis.

177 1192 224 1237 9.
261 1177 371 1224 Nec
393 1177 712 1240 praefiniendae
730 1176 1014 1240 Digestionis
1030 1176 1252 1240 periodis,
1271 1192 1402 1224 mac-

113 1259 209 1295 tata
257 1250 304 1296 in
349 1266 459 1296 eum
512 1251 645 1296 usum
696 1251 919 1296 animalia
960 1249 1245 1312 proficiunt:
1295 1266 1407 1298 vero

113 1338 315 1386 namque
372 1322 646 1370 slmilimum
711 1322 775 1368 est
835 1322 1112 1368 animalium
1173 1322 1405 1380 interiora,

113 1398 286 1461 quibus
321 1399 512 1447 liberior
551 1396 731 1446 externi
778 1396 893 1443 aeris
941 1396 1162 1455 acceffuS,
1203 1410 1250 1444 et
1292 1399 1403 1445 Lux

115 1471 211 1535 ipsa
235 1489 358 1519 nova
382 1472 460 1527 est,
504 1470 586 1518 sub
617 1471 892 1535 gravissimis
916 1471 1207 1526 vulneribus,
1247 1486 1293 1518 et
1335 1473 1407 1519 la-

114 1547 360 1594 mentabili
387 1546 703 1594 trucidatione
737 1546 998 1609 plurimum
1039 1547 1225 1602 mutari,
1269 1546 1314 1593 in
1335 1547 1407 1595 his

113 1621 422 1684 potissimum,
475 1638 583 1686 quae
615 1621 673 1667 ad
709 1620 960 1668 humorum
1004 1621 1271 1677 circuitum,
1322 1638 1410 1668 va-

112 1695 363 1760 sorumque
389 1696 623 1743 aftionem
663 1696 914 1759 pertinent.
985 1696 1159 1760 Neque
1185 1695 1408 1759 phtisico-

115 1783 222 1814 rum
248 1783 327 1816 aut
351 1769 640 1816 hecticorum
665 1768 822 1825 febris,
861 1785 969 1833 quae
992 1769 1138 1816 tribus
1166 1782 1244 1815 aut
1267 1781 1409 1832 quat-

116 1852 222 1888 tuor
256 1858 280 1888 a
304 1843 434 1907 pastu
461 1842 585 1889 horis
626 1841 944 1889 recrudescere
976 1843 1107 1898 solet,
1145 1842 1306 1888 tutiori
1343 1841 1409 1889 est

115 1915 296 1977 regula.
335 1917 624 1963 Procedente
643 1916 769 1962 enim
789 1914 1064 1978 Digestione
1085 1931 1256 1977 magna
1274 1916 1407 1962 evol·
1432 1912 1437 1915 ’

117 1988 246 2036 vitur
288 1989 346 2035 ab
388 1989 573 2052 ingestis
607 1988 722 2035 aeris
768 1988 856 2044 vis,
897 2005 1005 2052 quae
1039 1989 1332 2036 stomachum
1361 2002 1410 2036 et

117 2060 328 2107 tenuiora
374 2060 586 2108 intestina
626 2061 738 2107 flatu
782 2061 1063 2117 distendens,
1101 2061 1410 2124 diaphragma

119 2134 307 2190 attollit,
356 2134 697 2198 pulmonesque
743 2134 1030 2197 comprimit,
1079 2148 1132 2182 ut
1166 2148 1411 2198 propterea

120 2209 253 2255 aucta
275 2224 332 2255 eo
358 2223 567 2273 tempore
605 2213 745 2267 tuffis,
783 2223 828 2257 et
867 2211 1084 2271 graviora
1110 2209 1409 2274 phtificorum

122 2282 441 2340 incommoda,
485 2285 641 2331 minus
678 2297 782 2331 tuto
820 2284 879 2331 ad
911 2284 1091 2331 chilum
1127 2297 1229 2331 tum
1253 2284 1410 2348 primo

120 2355 392 2419 sanguinem
417 2357 692 2404 subeuntem
725 2355 996 2405 referantur.

198 2518 272 2553 10.
312 2505 484 2567 Neque
526 2504 785 2568 promiscue
820 2503 1127 2561 NutritioniS,
1162 2516 1208 2551 et
1239 2503 1410 2568 Diges-

121 2577 263 2625 tionis
308 2594 427 2641 opus
473 2578 751 2625 sumendum
784 2578 862 2624 est.
950 2577 1229 2625 Fluidorum
1279 2578 1408 2626 enirn

126 2651 367 2716 proprium
409 2651 471 2698 est
515 2651 765 2710 absorberi,
812 2653 1058 2718 plusquam
1105 2653 1269 2717 digeri,
1308 2652 1415 2699 soli-

128 2726 272 2790 usque
315 2724 678 2789 solidissdigestio
717 2727 806 2774 effe
836 2727 1145 2777 verosimilius
1190 2725 1422 2775 creditur:

737 2801 776 2849 C
814 2818 841 2850 2.
1230 2813 1429 2865 utraque
