1871 3211
439 183 1130 250 cAths1s,
1336 195 1428 245 205

143 314 301 366 sectio.
372 320 488 368 Huc
514 317 690 365 faciunt
714 319 854 367 etiarn
888 315 1098 364 duriores
1120 316 1297 363 Senum
1322 315 1435 372 alvi,

143 406 193 439 et
217 392 412 456 lapidea,
451 409 558 456 quae
597 409 706 439 cum
748 393 925 448 dolore,
960 403 1006 437 et
1045 390 1220 437 ventris
1259 390 1438 449 ardore,

145 464 315 512 scibala
338 465 580 513 emittunt.
663 469 971 530 Qainquam
1000 465 1046 510 in
1073 460 1271 517 summa,
1299 480 1441 525 quam

146 538 263 602 saepe
285 539 474 597 habent,
501 539 789 586 omnisVitae
802 538 1064 592 debilitate,
1093 551 1203 581 cum
1233 546 1441 591 externa,

148 611 274 659 deest
308 613 560 676 aliquando
602 613 745 659 etiarn
790 613 970 659 interna
1008 607 1270 670 absorptio:
1316 608 1444 654 exin-

156 686 309 750 deque
330 688 596 743 Lienteriae,
619 701 664 733 et
683 687 775 732 alvi
795 684 1047 748 profluvia,
1074 683 1192 746 saepe
1217 681 1446 744 postrema

151 763 327 809 Senum
345 761 469 807 Vitae
493 774 704 823 tempora
728 759 958 806 inficiunt.

222 934 302 983 50.
331 920 421 968 Sed
442 919 650 983 nedum,
677 937 781 985 quae
808 920 1079 983 proximum
1104 919 1319 967 fluiditati
1341 935 1445 967 mo-

154 993 271 1040 dum
297 994 489 1052 habent,
516 995 673 1057 adeps,
700 1010 745 1041 et
770 1010 938 1041 mucus
965 994 1195 1052 animalis,
1224 996 1317 1041 &c.
1363 994 1445 1041 ab·

156 1068 410 1124 sorbentur,
449 1068 524 1114 sed
550 1069 643 1131 ipsa
666 1085 855 1132 quoque
881 1068 1042 1125 solida,
1069 1085 1324 1132 eorumque
1360 1068 1450 1114 du-

158 1142 347 1198 riffima,
374 1159 480 1205 quae
503 1143 596 1189 offa
622 1142 739 1190 sunt.
813 1144 1067 1206 Propterea
1108 1142 1289 1189 leviora
1313 1143 1451 1197 fiunt,

159 1216 405 1279 multaque
430 1233 485 1262 ex
511 1217 565 1263 iis
591 1217 946 1277 contrahuntur,
982 1231 1084 1264 tum
1128 1218 1257 1280 quod
1284 1231 1455 1278 magna

88 1326 93 1333 «
159 1293 346 1339 offificae
387 1294 594 1340 materici
638 1294 790 1356 portio
831 1293 1000 1340 iterum
1043 1294 1087 1339 in
1126 1293 1232 1339 vasa
1266 1292 1456 1338 reducta

149 1361 316 1423 fuerit,
355 1379 456 1413 tum
494 1368 621 1430 quod
646 1368 851 1431 plurima
882 1367 1200 1414 musculorum
1228 1366 1455 1429 rigiditas,

163 1456 327 1489 eorum
354 1455 563 1488 extrema
604 1442 765 1489 sensim
805 1443 861 1489 ad
900 1443 1105 1489 invicem
1143 1441 1364 1497 adducat,
1407 1455 1461 1489 ut

165 1526 412 1578 propterea
450 1513 647 1571 incurvi,
690 1529 736 1562 et
776 1517 976 1563 thoracis
1021 1532 1137 1565 cavo
1174 1516 1460 1579 angustiores

166 1588 308 1634 Senes
328 1586 456 1634 fiant.
507 1588 585 1634 Ad
610 1606 718 1652 quae
742 1590 977 1652 pertinent
1003 1589 1083 1637 illa
1108 1590 1255 1637 Corn.
1284 1588 1411 1652 Galli
1434 1607 1449 1635 :-

222 1719 395 1762 Labitur
416 1735 465 1761 ex
486 1721 665 1762 humeris
688 1722 852 1763 demisso
874 1738 1042 1777 corpore
1063 1722 1197 1774 vestis,

282 1783 469 1836 Qaeque
491 1786 621 1825 brevis
654 1786 795 1836 fuerat,
820 1789 906 1842 jam
929 1790 1050 1827 modo
1072 1788 1196 1839 longa
1218 1787 1315 1827 mihi
1336 1786 1408 1827 est.
1450 1830 1452 1833 ,

226 1847 537 1898 contrahimur,
559 1850 745 1902 miroque
768 1850 890 1889 modo
919 1850 1188 1902 decrescimus
1210 1849 1278 1904 ipsi
1299 1867 1313 1899 3

279 1909 471 1953 Diminui
494 1912 617 1953 nostri
639 1913 819 1965 corporis
841 1912 919 1953 ossa
946 1923 1080 1966 putes.

245 2048 322 2098 51.
368 2034 445 2080 Sic
487 2051 682 2097 quoque
723 2037 944 2084 alvcolari
983 2038 1187 2084 maxillae
1230 2040 1468 2104 utriusque

176 2123 310 2174 parte
334 2109 556 2163 resorbta‚
594 2111 752 2156 dentes=
801 2111 962 2158 latiore
989 2128 1106 2158 cavo
1133 2114 1335 2175 excepti,
1380 2130 1472 2162 tre·—

178 2196 334 2239 munt‚
361 2197 406 2231 et
430 2183 655 2229 decidunt
677 2207 688 2238 3
736 2184 1013 2247 adnexisque
1046 2185 1140 2232 oris
1166 2187 1297 2233 labiis
1324 2189 1472 2236 intro·

181 2257 328 2314 flexis,
358 2257 469 2304 inde
495 2272 604 2303 cum
630 2258 898 2320 prominulo
918 2272 1094 2317 mento,
1119 2258 1282 2306 incava
1301 2263 1473 2311 Senum

182 2350 280 2381 ora.

255 2497 334 2546 52.
373 2484 593 2531 Tandem
619 2500 673 2531 eo
699 2484 850 2531 senilis
877 2485 1113 2533 absorbtio
1154 2485 1385 2550 procedit,
1424 2498 1477 2531 ut

186 2555 295 2602 tabe
332 2556 622 2620 postremum
662 2557 846 2605 arefacti
883 2560 1134 2608 finianturz
1177 2562 1306 2624 quod
1331 2559 1481 2605 senilis

146 2675 162 2678 -
190 2628 414 2679 Marasmi
432 2644 597 2695 genus,
617 2632 1067 2696 proprienaturalem
1097 2649 1297 2683 mortem
1322 2634 1481 2689 efficit,

1390 2705 1486 2754 sere
