1871 3211
399 252 496 308 184
638 245 756 294 DE
814 235 1450 291 VIT.PER10D.

397 383 554 441 mitem,
585 394 632 429 et:
646 380 799 443 vigor,
828 376 1131 424 foeminarum
1156 373 1427 439 corporibus
1452 382 1685 436 praecave—

400 469 522 513 atur,
559 454 697 518 igneo
722 450 958 516 principio
976 449 1132 496 minus
1149 465 1294 513 quam
1318 448 1367 495 in
1389 446 1517 502 viriS,
1541 445 1587 491 in
1610 458 1689 489 ea-

400 545 508 576 rum
535 527 694 576 Solida
718 526 927 583 redu&o‚
951 536 999 572 et
1021 523 1114 570 fere
1141 521 1470 586 conglutinato
1496 518 1547 566 ¹¹³.
1595 519 1697 565 Re-

405 620 514 650 vera
538 602 881 664 exanthemata,
923 613 970 646 et
1008 611 1188 645 caeterae
1225 598 1271 644 in
1304 609 1409 643 cute
1451 592 1696 646 fluxiones,

408 675 688 740 sanguineae,
715 686 794 721 aut
812 674 995 720 alterius
1017 671 1212 735 generis,
1232 670 1310 717 vix
1336 669 1468 725 alios,
1504 677 1696 731 praeter-

410 764 553 812 quam
602 748 829 801 infirmos,
880 758 926 791 et
972 746 1103 791 laxos
1148 743 1420 806 corripiunt.
1514 739 1700 789 Exinde

411 822 573 880 etiam,
599 819 727 882 quod
751 817 869 863 uteri
895 815 987 871 via,
1029 816 1319 878 pulmonaris
1355 814 1546 861 aftionis
1572 812 1703 877 adju-

414 907 629 944 mentum
645 891 842 954 jamque
867 888 1037 952 puellis
1064 888 1257 944 constet,
1299 887 1534 950 angustior
1558 903 1704 950 prop-

416 983 541 1015 terea
579 965 885 1012 foeminarum
925 964 1105 1026 pulmo,
1141 974 1368 1027 perpetuo
1408 960 1491 1009 vix
1524 961 1710 1008 virilem

418 1053 649 1104 coaequat.

494 1190 574 1236 28.
614 1188 738 1250 Qae
776 1197 885 1231 cum
925 1198 1206 1248 perpetuum
1245 1185 1501 1249 quemdam
1541 1181 1731 1252 caussas

427 1275 531 1306 rum
557 1272 603 1305 et
624 1259 880 1305 affeGmum
913 1259 1144 1306 circulum
1179 1259 1402 1315 efficiant,
1443 1258 1633 1307 difficile
1657 1255 1721 1304 est

430 1332 646 1396 istosque,
690 1346 737 1378 et
774 1331 873 1378 illas
909 1332 1114 1396 apposite
1155 1334 1439 1396 significare:
1479 1333 1721 1395 multaque

433 1423 597 1452 eorum
626 1408 746 1454 datae
772 1406 978 1464 cuidam,
1016 1420 1061 1452 et
1093 1407 1438 1453 ordinatiffimae
1474 1403 1724 1468 primordi-

439 1481 497 1525 ali
538 1478 778 1542 utriusque
813 1479 941 1526 sexus
985 1480 1207 1543 compagi
1235 1493 1412 1526 vertere
1442 1478 1617 1526 neceffe
1649 1476 1727 1523 est.

439 1559 508 1602 At
533 1566 655 1601 certe
681 1554 911 1609 foeminis,
949 1555 1119 1618 quibus
1146 1555 1283 1602 serius
1308 1569 1353 1601 et
1385 1554 1569 1617 parcius
1594 1567 1728 1598 men-

440 1630 510 1677 ses
555 1629 806 1692 prodeunt,
860 1646 952 1676 non
998 1645 1186 1694 propter
1230 1630 1593 1677 invaletudinem
1645 1628 1733 1674 ali—

447 1718 610 1765 quam,
639 1702 693 1748 iis
719 1703 859 1748 etiam
881 1704 1086 1766 corporis
1107 1703 1253 1750 forma
1277 1703 1399 1750 virili
1418 1702 1632 1766 proxima
1655 1702 1735 1758 est,

448 1790 496 1822 et
519 1777 764 1823 matronali
790 1778 995 1840 quodam
1019 1778 1204 1833 decore,
1243 1790 1289 1823 et
1324 1777 1489 1822 latiore
1532 1776 1739 1840 plerum-

452 1865 546 1910 que
583 1848 784 1894 thoracis
812 1850 991 1895 ambitu
1032 1849 1259 1912 praestant.
1332 1849 1416 1895 Eae
1440 1848 1581 1895 etiarn
1624 1847 1742 1913 saepe

455 1921 661 1967 barbatae
686 1922 821 1979 fiunt,
866 1935 944 1968 aut
968 1922 1127 1968 saltem
1159 1922 1321 1968 villosa
1345 1921 1482 1977 facie,
1526 1935 1571 1968 et
1606 1936 1743 1972 cute:

460 1993 718 2055 cujusmodi
760 1996 1050 2057 apparentias
1098 1996 1154 2042 ad
1196 1996 1393 2043 divitem
1428 1996 1578 2059 magis
1611 1996 1747 2060 hujus

463 2069 624 2115 census
673 2068 975 2116 foeminarum
1019 2070 1374 2128 animationem,
1434 2070 1607 2133 vulgus
1654 2088 1748 2118 non

465 2139 620 2202 inepte
659 2141 834 2196 retulit,
872 2158 1039 2205 nempe
1065 2143 1195 2207 quod
1236 2144 1279 2189 in
1319 2142 1445 2190 idem
1482 2144 1662 2200 recidit,
1704 2148 1753 2193 in

465 2214 730 2261 uberiorem
769 2232 928 2262 earum
956 2218 1452 2277 inflammabilitatem,
1492 2219 1756 2267 valentibus

471 2287 660 2342 Solidis,
684 2288 810 2351 quafi
838 2289 883 2334 vi
907 2290 1233 2352 compressam,
1263 2304 1308 2336 et
1328 2289 1484 2336 debite
1509 2290 1626 2337 intra
1651 2291 1756 2339 vasa

471 2361 737 2407 coercitam.
810 2363 991 2409 Similia
1034 2363 1080 2410 in
1107 2363 1309 2410 foeminis
1336 2379 1362 2410 a
1387 2363 1615 2411 menfium
1648 2363 1755 2429 sup-

528 2559 559 2582 a
588 2557 736 2596 Confer
756 2574 843 2612 quae
873 2563 916 2599 de
944 2562 1075 2608 Lucis,
1107 2572 1142 2599 ct
1175 2561 1280 2613 ignei
1298 2560 1472 2612 principii
1502 2562 1542 2600 in
1562 2560 1767 2612 vigor-anda

472 2618 570 2657 'Vita
588 2618 778 2659 affivitate
798 2622 906 2671 supra
924 2622 1150 2672 scripsimus.
1181 2632 1258 2674 cap.
1276 2621 1302 2659 i.
1327 2624 1379 2662 P.
1399 2623 1452 2662 ΙΙ.
1482 2622 1569 2660 Lib.
1586 2622 1641 2663 ΙΙ.

1544 2687 1766 2749 preffione
