1871 3211
350 270 1050 319 CAUSSIS.
1248 286 1339 334 109

49 423 195 469 quam
242 403 662 467 complectebatur,
711 403 949 461 materies,
999 403 1045 448 in
1091 405 1338 466 parallelis-

49 497 198 536 mum,
240 491 285 524 et
320 476 383 524 sui
413 478 595 540 generis
621 491 806 524 motum
834 478 1080 532 concitata,
1127 477 1218 522 five
1244 494 1341 523 ma-

51 553 205 600 nantia
218 551 325 597 Sole
346 552 551 608 effluvia,
581 551 853 599 animalium
880 551 1107 614 undique,
1134 565 1179 597 et
1200 567 1344 613 vege-

51 627 270 674 tabilium
295 639 528 674 texturam
563 640 824 691 permeant.
894 628 1053 689 Qare
1091 626 1192 672 suos
1216 625 1344 687 jam-

50 716 145 763 que
190 699 563 762 dephlogisticos
612 700 782 746 halitus
830 698 1010 745 Plantae
1053 697 1344 753 emmittunt,

50 789 340 836 quamquam
365 789 457 819 non
483 789 645 819 omnes
689 771 822 818 simul
859 770 1085 834 ejusmodi
1127 769 1346 834 perfungi

55 848 215 894 officio
258 848 504 911 incipiant,
548 864 659 893 cum
699 863 848 909 neque
889 862 1052 894 omnes
1090 846 1222 892 simul
1269 846 1352 892 lux

53 933 274 988 occupet,
338 938 491 985 neque
532 937 695 967 omnes
741 920 910 968 eodem
957 919 1091 966 fimul
1138 934 1349 982 tempore

54 995 282 1042 nocturno
344 994 507 1058 sopore
553 993 871 1040 excutiantur:
929 1009 1030 1040 tum
1090 1010 1201 1040 vero
1248 996 1349 1047 ani-

54 1070 198 1115 malia
239 1070 404 1117 vitales
447 1069 676 1131 copioflus
721 1084 851 1114 auras
896 1084 951 1113 ex
988 1084 1089 1113 aere
1114 1069 1348 1123 atrahunt,

55 1143 314 1206 calorisque
357 1145 566 1198 materie,
619 1142 665 1187 in
708 1142 909 1204 puriore,
951 1158 1092 1205 quem
1126 1141 1348 1187 hauriunt

55 1232 175 1272 aere,
217 1217 405 1263 uberius
429 1230 630 1270 extante,
663 1216 901 1277 pulmonis
933 1215 1099 1261 exinde
1125 1215 1244 1261 aetio
1279 1215 1352 1261 in-

59 1291 282 1345 tenditur,
338 1292 486 1353 fitque
547 1289 828 1335 concitatior
874 1288 1122 1351 respiratio.
1209 1289 1355 1353 Qod

57 1365 358 1412 excitamenti
400 1380 547 1427 genus
578 1364 635 1410 ad
677 1377 844 1408 caetera
886 1363 1094 1410 [imiliter
1118 1365 1243 1412 Vitae
1274 1382 1353 1411 or-

59 1454 183 1500 gana
227 1438 397 1492 transit,
436 1452 598 1499 eaque,
641 1435 716 1480 seu
759 1435 863 1480 luce
904 1435 1212 1493 exstimulata,
1262 1438 1355 1483 five

63 1523 307 1556 commoto
333 1509 513 1555 interno
537 1507 662 1554 Vitae
688 1506 799 1568 igne
818 1505 1026 1563 incitata,
1072 1507 1117 1552 in
1138 1506 1357 1552 diurnam

62 1598 281 1630 motuum
301 1582 589 1628 activitatem
616 1580 811 1636 cientur,
837 1580 1153 1642 fibrarumque
1177 1597 1263 1642 pro
1287 1579 1358 1626 in-

61 1649 176 1697 terni
214 1649 487 1712 externique
531 1648 706 1693 stimuli
755 1659 1028 1710 augmento,
1070 1646 1354 1694 increscente

62 1737 191 1780 tono,
208 1722 266 1771 ad
286 1723 363 1770 sua
380 1738 582 1785 quaeque
609 1736 819 1776 munera,
846 1720 1008 1767 debito
1027 1719 1207 1782 impetu
1232 1719 1359 1767 solli-

67 1797 279 1844 citantur.
357 1796 592 1858 Expedite
634 1808 882 1857 propterea
928 1794 1093 1840 vitales
1140 1807 1299 1840 motus
1334 1811 1361 1841 a

67 1885 228 1917 centro
272 1870 330 1916 ad
370 1869 714 1932 periphaeriam,
756 1881 803 1913 et
841 1867 1054 1914 ordinate
1095 1881 1360 1924 exeruntur,

64 1946 286 2008 Vitaeque
309 1942 624 2005 aequilibrium
651 1942 871 1997 internas,
914 1940 1214 2002 externasque
1241 1940 1362 1986 inter

70 2018 280 2082 corporis
314 2030 467 2080 partes
501 2015 771 2062 restituitur.
843 2015 1044 2076 Propter
1067 2029 1174 2076 quae
1200 2013 1363 2059 alacris

70 2094 152 2141 ille
176 2091 350 2155 vigoris
377 2090 542 2145 sensus,
584 2105 681 2152 quo
707 2089 800 2135 late
824 2086 1169 2151 perfundimur,
1201 2101 1365 2134 exorto

73 2169 199 2225 Sole,
226 2180 278 2213 ut
303 2181 434 2212 mens
461 2164 604 2211 etiam
629 2163 995 2210 feliciffimarum
1019 2161 1363 2224 cogitationum

71 2243 202 2290 dives
228 2243 325 2296 fiat,
356 2240 713 2303 plurimumque
738 2239 794 2284 ad
816 2237 1108 2300 Sapientiam
1133 2236 1364 2298 proficiat.

73 2319 232 2380 Qare
287 2315 374 2361 rite
422 2314 766 2375 Therapeutes,
811 2311 1023 2358 Philonis
1078 2303 1374 2371 testimonio,⁴

74 2390 228 2437 studia
251 2388 327 2435 sua
351 2388 559 2434 maxime
585 2403 667 2449 per
687 2386 814 2432 diem
835 2385 1125 2443 excolentes,
1172 2402 1365 2440 omnem

46 2451 306 2510 ‘vescendo
331 2461 489 2508 animo
516 2460 866 2523 impendebant,
892 2459 986 2505 sola
1012 2459 1129 2507 luciS
1156 2458 1367 2506 claritate

78 2537 549 2607 dignum-Sapientia:
572 2536 773 2584 studium
800 2535 1127 2583 existimantes.

1167 2702 1241 2745 14„
1275 2685 1372 2731 vix
