1871 3211
466 290 560 367 15'0
692 309 819 359 DE
884 310 1597 360 VIT.PER10D.

533 463 607 514 19.
643 452 699 500 In
742 454 914 517 quibus
955 456 1147 504 tacitam
1187 473 1347 506 eorum
1380 451 1739 509 animadversio-

462 537 572 577 nem
595 523 711 574 forte
734 526 975 576 fundatam
999 529 1129 577 fuiffe
1145 529 1330 593 judico,
1363 530 1443 594 qui
1469 529 1744 576 morborum
1808 564 1812 568 ,
1842 547 1867 603 2,

459 598 797 660 regularitates‚
823 619 1020 666 quarum
1044 604 1364 666 Hippocrates
1401 601 1636 656 meminit,
1662 599 1743 649 vix

462 668 639 733 aliquid
679 674 737 721 acl
777 675 986 722 boreales
1027 690 1108 722 aut
1153 675 1526 739 septentrionales
1566 671 1742 722 Mundi

459 743 634 807 plagaS,
675 750 906 811 pertinere
945 763 1143 812 putant:
1186 767 1305 813 quos
1331 764 1506 804 tamen,
1551 745 1744 811 proprio
1806 778 1818 788 ι

458 817 631 882 ubique
657 836 818 869 contra
841 837 1024 870 extante
1059 824 1360 870 Medicorum
1376 823 1576 886 judicio,
1604 822 1739 883 supe-

459 889 579 937 riore
604 893 724 939 libro
751 895 1077 942 refutavimuS.
1147 897 1392 958 Quantum
1435 897 1609 942 etenim
1649 909 1775 966 non·
1828 948 1844 965 x

460 963 682 1028 suissaepe
700 968 931 1014 mensibus
948 967 1259 1030 tempestates,
1281 981 1408 1013 extra
1417 968 1654 1028 Tropicos
1671 968 1742 1013 in-

462 1033 631 1091 cidant,
678 1038 822 1085 nihilo
869 1053 1024 1085 tamen
1065 1039 1221 1085 minus
1270 1038 1530 1086 consimilia
1564 1038 1742 1100 ubique

460 1118 669 1169 tempora
693 1112 844 1158 morbi
882 1112 1092 1176 plerique
1117 1124 1423 1174 percurrunt:
1459 1110 1745 1174 plurimique

460 1194 621 1227 eorum
660 1185 773 1231 fines
815 1187 1193 1232 accuratissimam
1241 1201 1349 1231 curn
1390 1183 1743 1248 Hippocraticis

462 1256 859 1317 comparationem
878 1258 1054 1321 ubique
1081 1257 1312 1304 sustinent.

529 1417 605 1449 20.
634 1403 903 1465 Cuiusmodi
930 1406 1070 1468 longe
1097 1404 1373 1468 amplissima
1398 1404 1445 1450 in
1467 1418 1741 1467 camporum

461 1474 589 1520 cultu
615 1477 830 1539 exempla
870 1478 1119 1540 supersunt.
1190 1477 1440 1541 Qidquid
1484 1477 1654 1524 etenim
1688 1478 1742 1524 ad

460 1546 688 1606 agrariam
714 1565 812 1595 rem
837 1553 1049 1612 pertinet,
1074 1552 1138 1598 ita
1158 1550 1318 1597 sedulo
1344 1567 1453 1597 cum
1479 1567 1615 1608 nova,
1641 1551 1742 1614 ple-

462 1634 614 1681 naque
640 1623 794 1678 Luna,
822 1624 990 1686 quibus
1014 1626 1061 1671 id
1089 1641 1236 1687 genus
1261 1624 1519 1671 observatio
1543 1624 1742 1687 prodest,

460 1692 723 1752 conferunt,
757 1709 810 1743 ut
834 1713 975 1744 nemo
1001 1715 1092 1745 non
1118 1698 1427 1760 agricolarum
1450 1698 1740 1761 ubicumque

459 1767 602 1815 fidem
628 1769 755 1817 suam
780 1788 986 1829 omnem,
1012 1787 1057 1819 et
1080 1772 1422 1819 observantiam
1447 1774 1599 1820 Lunae
1625 1787 1739 1818 con-

457 1841 742 1890 versionibus
780 1845 1105 1902 obstrinxerit„
1160 1847 1288 1910 quod
1314 1861 1452 1892 nemo
1495 1847 1541 1892 in
1567 1847 1670 1892 utili
1695 1859 1742 1893 et

460 1914 665 1960 maxima
699 1918 943 1965 necessaria
968 1935 1031 1975 1·,e
1056 1932 1188 1981 puto,
1228 1917 1403 1981 egiffet,
1433 1918 1512 1965 nifi
1542 1919 1745 1981 plurima

458 1988 727 2037 succedente
764 2004 953 2038 eventus
986 1992 1254 2047 constantia,
1305 2005 1428 2038 certa
1473 1992 1737 2049 viriditatis,

459 2059 840 2120 fructificationis,
881 2079 927 2111 et
967 2065 1293 2112 maturationis
1333 2073 1559 2130 tempora,
1603 2069 1741 2114 Luna

463 2135 677 2184 custodiri
704 2138 934 2186 vidissent.

528 2301 604 2332 21.
639 2287 728 2333 Sed
757 2305 864 2336 cum
891 2290 1126 2353 pleraque,
1151 2304 1355 2353 quorum
1396 2290 1440 2336 in
1466 2288 1616 2337 lunari
1650 2288 1738 2336 cir-

461 2359 603 2416 cuitu,
630 2361 846 2409 universo
865 2363 958 2410 fere
985 2364 1229 2410 hominum
1252 2363 1487 2421 consensu,
1511 2363 1627 2410 ratio
1660 2379 1741 2410 ex-

461 2445 553 2477 tare
607 2435 849 2500 creditur„
882 2438 1169 2500 singulariter
1231 2454 1376 2500 genus
1438 2437 1738 2502 plenitudinis

459 2506 646 2569 aliquod
692 2510 949 2572 respiciant,
996 2513 1125 2574 quod
1170 2527 1280 2558 cum
1321 2512 1554 2559 crescente
1596 2513 1736 2558 Luna

459 2580 746 2641 vegetabilia
769 2596 815 2627 et
855 2584 1069 2641 animalia
1108 2585 1317 2642 induant,
1361 2585 1476 2648 quid
1511 2585 1604 2631 sola
1637 2586 1736 2633 Lu-

460 2668 529 2700 nae
557 2669 664 2716 erga
687 2671 835 2701 aerem
877 2660 1085 2705 attractio
1121 2660 1177 2706 ad
1214 2675 1318 2706 eam
1351 2658 1574 2714 conferat,
1619 2672 1737 2719 pau·

458 2725 544 2785 cis,
577 2727 706 2790 quod
731 2728 958 2787 existimo,
983 2732 1156 2779 dicam.
1229 2733 1434 2795 Jamque
1458 2730 1584 2778 enim
1605 2729 1734 2776 nulla

1683 2802 1759 2847 in‘
