1871 3211
160 335 179 342 ·
372 314 1080 364 SANORUM.
1319 324 1377 382 83

88 456 266 501 rantC:
310 464 515 514 cumque
557 451 602 498 in
628 450 824 498 secunda
848 449 1134 506 valetudine,
1179 449 1378 499 ativersae

83 526 296 591 praesidia
343 527 744 583 consumerentur,
782 526 951 573 exinde
981 524 1231 587 multiplici
1281 543 1381 574 rne-

83 600 253 647 dicinae
300 600 434 647 locus
476 601 564 646 effe
609 600 817 663 primum
856 598 1021 661 coepit,
1065 614 1207 660 quam
1250 611 1382 646 antea

81 676 286 723 Romani
328 692 412 722 nce
454 674 645 721 nomine
684 687 928 721 noverant.
1000 672 1239 718 Credibile
1277 671 1382 718 sane

80 748 164 807 est,
206 765 402 812 magnos
443 748 727 811 singularum
775 747 989 810 gentium
1020 745 1242 794 Medicos
1283 745 1380 793 fere

79 821 306 885 ejusmodi
324 820 576 869 neceffitati
599 836 784 868 coaevos
805 821 935 866 fuiffe
952 835 1136 876 omneS‚
1162 819 1382 868 videlicet

33 927 39 938 ι
78 910 536 959 ΡΥοΡῑει-,ιῃειὲηυιῃ
569 910 731 940 eorum
772 893 855 956 qui
891 893 1183 955 aegrotabant
1211 910 1379 940 nume-

72 984 202 1026 -rum,
251 969 486 1017 desidiosae
539 968 648 1014 vitae
697 969 865 1024 cauffa,
910 968 1083 1030 eosque
1131 980 1381 1031 propterea

81 1044 296 1100 cunctos,
337 1041 577 1091 consimile
623 1058 772 1104 genus
810 1041 1074 1096 hominum,
1123 1042 1385 1103 eademque

79 1118 262 1181 prorsus
288 1119 563 1165 morborum
589 1133 758 1179 genera
778 1115 957 1174 vidiss'e,
984 1129 1028 1162 et
1052 1114 1379 1178 percuraviffe.

146 1271 193 1316 6.
238 1269 397 1330 Qam
426 1264 490 1310 ob
518 1265 718 1311 caussam
738 1278 869 1326 puto,
904 1263 985 1327 qui
1017 1279 1166 1326 nuper
1199 1263 1379 1326 sapien-

78 1342 218 1389 tiores
236 1339 387 1387 videri
428 1350 610 1393 curant,
651 1337 829 1399 quique
856 1353 912 1381 ex
936 1336 1121 1398 nuperis
1150 1336 1380 1399 antiquis-
1446 1396 1451 1401 ⁴

77 1416 216 1462 simos
237 1413 452 1461 homines
483 1412 664 1458 efficere
690 1422 930 1464 conantur,
966 1408 1304 1472 antiquissimos
1330 1410 1378 1456 in

77 1503 297 1550 nuperos,
324 1485 355 1532 fi
378 1484 571 1547 possent,
591 1481 875 1537 conversuri,
903 1481 960 1527 ad
982 1479 1179 1543 agrestes
1202 1496 1376 1537 mores,

77 1560 408 1623 sylvarumque
453 1558 608 1604 denuo
657 1557 938 1610 incolatum,
984 1570 1151 1601 eorum
1197 1554 1378 1602 animos

75 1633 273 1682 studiosa
312 1632 523 1680 oratione
571 1644 785 1689 movent,
840 1628 950 1675 vitae
997 1627 1240 1677 inimicam
1287 1628 1377 1674 hu·-

73 1707 202 1756 mani
228 1706 413 1770 generis
443 1703 834 1753 communitatem
863 1700 1192 1749 existimantes.
1265 1702 1379 1763 Qa

72 1780 273 1845 quidem
300 1780 346 1826 in
371 1796 417 1826 re
454 1778 732 1825 litteratores
766 1777 813 1823 id
839 1792 1006 1838 genus,
1047 1773 1228 1837 peffimi
1264 1773 1376 1819 ubi-

75 1872 170 1919 que
218 1854 419 1921 Medici„
456 1853 592 1900 valde
644 1868 811 1898 errant.
901 1849 1156 1916 Qidquid
1203 1850 1379 1898 etenim

76 1928 369 1977 urbanorum
416 1925 545 1981 vitae,
599 1926 673 1971 vel
723 1923 954 1986 corporis,
1008 1923 1086 1967 vel
1133 1921 1246 1978 loci,
1299 1923 1377 1969 vel

73 2002 336 2053 studiorum
377 1999 493 2046 ratio
534 1998 752 2054 detrahit,
790 1997 920 2062 quod
969 1994 1130 2043 Celsus
1175 1995 1375 2057 dixerat,

75 2086 283 2133 instituta
329 2081 522 2128 cordate
567 2079 851 2126 valetudinis
892 2095 1004 2124 cura
1028 2075 1261 2122 restituere
1286 2091 1376 2138 po-

75 2159 177 2215 test,
220 2158 277 2204 ad
327 2155 457 2219 quod
497 2153 785 2201 urbanorum
817 2153 956 2199 Artes
1006 2149 1265 2213 plurimum
1290 2165 1376 2194 va-

74 2236 191 2282 lent.
287 2233 451 2295 Qare
497 2229 578 2277 etfi
624 2228 930 2275 ruricolarum
983 2225 1030 2271 in
1078 2223 1215 2269 urbes
1259 2237 1373 2270 con-

74 2322 242 2362 ventu,
287 2306 576 2352 urbanorum
615 2301 918 2348 successiones
960 2308 1197 2360 perpetuae
1244 2295 1374 2353 fiant,

73 2376 259 2439 sintque
295 2372 545 2419 universim
584 2370 723 2416 urbes
765 2365 893 2431 quasi
935 2362 1207 2410 communia
1240 2377 1374 2426 quae-

73 2452 189 2499 dam
209 2450 404 2510 integrae
428 2445 649 2495 Nationis
670 2443 931 2506 sepulchra,
952 2439 1103 2485 multa
1128 2434 1374 2484 nihilomi-

78 2541 165 2572 nus
201 2523 249 2571 in
274 2521 575 2570 subducendo
604 2516 833 2581 ejusmodi
868 2514 1154 2562 urbanorum
1179 2524 1229 2558 et
1251 2510 1372 2557 ruri-

78 2598 293 2647 colarum
329 2593 626 2645 mortalitatis
667 2589 867 2646 calculo,
907 2600 1014 2635 ante
1054 2583 1281 2641 conferre,
1323 2596 1372 2632 et

470 2785 484 2809 ⁵
514 2779 633 2818 Conf.
666 2777 755 2828 Cels.
783 2779 818 2812 in
839 2775 962 2826 Praef.

716 2844 761 2892 G
796 2859 823 2891 2
1096 2833 1377 2896 distinguere
