1871 3211
329 265 1034 315 SANORUM.
1309 284 1366 331 91

80 401 318 469 principiis
343 417 506 452 eorum
531 416 725 463 corpora
760 398 1124 462 permeantibus,
1159 400 1371 448 animum

85 476 276 543 perinde
309 487 355 521 et
378 474 517 532 vires,
553 476 723 536 pariter
747 487 886 535 atque
924 488 1088 518 eorum
1113 472 1241 518 cordi
1277 473 1373 518 irri-

86 565 345 601 tamentum
371 551 478 598 addi
514 549 772 597 verofimile
811 548 889 593 est.
962 547 1108 611 Qod
1148 549 1376 593 contraria

84 627 259 674 ratione
295 627 340 672 in
371 626 649 674 Borealibus
690 626 756 680 fit,
805 624 885 687 qui
927 623 1197 685 pinguiores
1231 624 1375 679 cibos,

84 701 385 767 pisciumque
410 703 516 749 olea
535 701 715 747 affatim
741 698 1054 763 ingurgitant.

158 866 232 899 12.
271 854 470 916 Propter
492 867 600 916 quae
619 863 733 914 puto
759 848 985 912 flagitiosa
1010 846 1219 894 similiter
1252 860 1381 893 utro-

86 924 230 988 bique
244 927 520 974 morborum
537 941 706 989 genera
722 923 886 969 eadem
907 923 1152 975 incurrere,
1168 921 1381 983 opposita

87 997 200 1045 licet
218 1001 413 1047 ratione.
437 1000 513 1047 Sic
526 999 717 1045 variolae
729 997 955 1061 piurimos
977 994 1224 1057 utrobique
1240 994 1383 1043 laetho

90 1072 219 1130 dant,
263 1075 307 1122 in
330 1073 513 1122 areticis
549 1073 740 1136 quidem
766 1072 909 1126 terris,
937 1070 1064 1133 quod
1099 1083 1287 1132 propter
1311 1069 1383 1115 ni-

91 1147 239 1195 miam
268 1143 519 1196 fluidorum
546 1147 788 1193 crassitiem
815 1144 908 1191 fere
940 1160 1184 1207 erumpere
1210 1160 1385 1207 neque-

90 1231 188 1275 ant,
214 1233 261 1267 et
284 1232 582 1284 erumpentes
609 1218 749 1264 etiam
775 1217 952 1280 pessimi
993 1217 1077 1261 sint
1116 1230 1162 1262 et
1201 1217 1383 1262 conflu-

90 1304 234 1349 entes,
261 1291 510 1355 adjuvante
536 1289 932 1351 calidiffimmejus
963 1289 1111 1349 gentis
1136 1291 1182 1335 in
1205 1289 1385 1335 subter-

89 1363 240 1410 raneis
287 1361 420 1409 cellis
463 1360 728 1424 regimine:
781 1360 908 1423 quod
955 1360 1242 1421 singulariter
1286 1364 1384 1408 La-

62 1453 275 1504 ¹ponum
314 1436 402 1483 esse
449 1435 624 1482 fertur:
690 1435 737 1481 in
781 1433 1047 1480 ardentibus
1090 1448 1248 1480 autem
1296 1435 1389 1482 sole

93 1509 227 1567 locis,
269 1510 331 1557 ob
355 1509 610 1573 eruptionis
645 1508 1014 1555 vehementiam.
1088 1509 1275 1556 Scimus
1301 1510 1389 1556 eti·

94 1601 172 1632 am
209 1580 447 1649 utrimque
487 1583 698 1632 similiter
739 1583 896 1631 vinosa
935 1585 1188 1647 quaeque¹⁰
1211 1597 1257 1630 et
1294 1583 1389 1632 for·

93 1659 202 1706 titer
248 1657 541 1717 inebriantia,
583 1659 786 1705 maxime
824 1660 869 1704 in
917 1658 1094 1705 deliciis
1136 1659 1241 1715 effe,
1284 1660 1390 1706 vix-

94 1747 188 1798 que
232 1731 278 1779 in
325 1729 489 1780 eorum
536 1731 635 1788 usu,
677 1733 849 1795 pariter
888 1745 1027 1795 atque
1060 1732 1273 1779 Tabacci
1319 1731 1391 1779 fu·

94 1815 191 1862 mo,
212 1821 290 1851 eos
310 1804 509 1852 modum
525 1805 717 1861 servare,
738 1804 864 1868 quod
880 1805 1166 1853 Groenlandi
1186 1805 1392 1852 iimiliter

1346 1893 1394 1927 et

145 2001 180 2021 ⁸0
208 1998 402 2049 Magnum
419 1996 592 2046 p1⁹ofc6to
608 1997 676 2034 sub
691 1996 843 2034 ardente
858 1983 933 2034 sole
952 1997 1000 2034 ab
1017 1996 1175 2035 incitata
1193 1998 1402 2049 copiosiore

92 2050 364 2107 berspiratione
393 2055 635 2101 beneficium,
664 2066 705 2091 ut
731 2069 808 2092 non
837 2055 949 2093 aliter
981 2056 1164 2095 immanes
1183 2058 1333 2095 morbos
1364 2068 1404 2096 et

91 2114 259 2153 subitam
289 2113 499 2166 aliquando
534 2123 695 2150 mortem
720 2112 746 2150 ii
780 2114 979 2165 effugiant,
1013 2115 1082 2166 qui
1102 2126 1288 2154 torrentes
1313 2117 1403 2154 aestu

92 2186 246 2222 campos
275 2173 422 2217 colunt,
451 2183 489 2209 et
513 2171 582 2224 qui
611 2171 880 2210 venationibus
907 2174 976 2211 sub
1003 2174 1079 2211 sole
1108 2173 1405 2226 intemperanter

91 2231 300 2282 indulgent
318 2247 328 2270 ε
365 2231 412 2269 ad
426 2233 533 2284 quod
560 2231 833 2282 spirituofiores
852 2233 1034 2284 'liquores
1054 2234 1228 2284 prosunt.
1285 2235 1406 2287 Qlod

96 2289 371 2329 observationis
391 2305 510 2342 genus
529 2291 631 2329 inter
644 2303 799 2329 caeteros
811 2291 966 2330 iteravit
984 2293 1235 2332 Francklinus
1250 2295 1290 2333 in
1304 2309 1406 2333 cam-

97 2364 238 2403 porum
257 2350 359 2400 apud
377 2351 642 2397 Americanos,
672 2362 708 2389 et
729 2350 880 2389 servitia
897 2351 1118 2402 praesertim,
1148 2355 1272 2392 cultu.
1313 2355 1406 2393 Huc

98 2408 289 2460 pertinent
307 2408 488 2458 fimiliter,
513 2422 614 2461 qute,
645 2410 691 2447 de
710 2409 788 2460 opii
806 2411 873 2448 usu
897 2412 998 2461 apud
1011 2412 1233 2463 AEgyptioe,
1261 2413 1404 2461 Persas,

100 2477 138 2506 et
171 2468 318 2506 Arabes
358 2467 469 2507 nullo
499 2481 578 2507 non
612 2468 672 2506 die
705 2468 925 2517 intermissb,
971 2470 1132 2522 Prosper
1171 2472 1338 2524 Alpinus
1368 2485 1406 2511 et

100 2526 240 2566 Christ.
261 2527 397 2565 Acosta
416 2527 611 2566 testantur.
655 2527 861 2578 Propterea
877 2528 955 2579 opii
968 2529 1177 2581 defeftum,
1202 2532 1229 2569 fi
1247 2531 1406 2585 quando

101 2587 259 2634 habent,
286 2586 378 2624 vino
398 2587 589 2637 supplent,
620 2587 726 2639 quod
747 2587 834 2625 ideo
855 2589 1052 2627 Mahomae
1072 2591 1158 2641 lege
1181 2591 1226 2629 iis
1246 2590 1409 2629 vetitum

101 2645 210 2687 fuiffe
225 2645 408 2685 credibile
425 2645 488 2693 est,
517 2655 563 2683 ut
584 2645 631 2684 iis
658 2646 806 2697 perdite
833 2657 972 2686 natura
1005 2650 1073 2687 sua
1097 2649 1137 2687 in
1158 2650 1197 2688 id
1219 2664 1339 2702 genus
1363 2649 1407 2686 li·

103 2718 245 2758 quotes
293 2703 422 2759 raptis,
465 2704 763 2757 frequentissima
799 2717 999 2760 propterea
1035 2722 1169 2748 eorum
1213 2706 1408 2746 ebrietatis

1283 2768 1410 2806 cauffa
