1871 3211
369 300 1360 365 CAUSSIS.165

71 429 246 482 Annon
262 433 337 480 ine
360 433 528 480 tacitus
546 446 592 479 et
610 433 748 490 solus,
767 433 884 481 inter
902 433 1236 490 rusticandum,
1258 436 1361 482 Na-

70 521 226 555 turam
268 508 575 555 meditabitur
598 509 614 555 ?
669 510 830 556 Facile
870 509 1062 572 quidem
1099 507 1361 556 nascentem

71 582 388 647 fluentemque
413 584 597 631 calamo
623 584 879 639 hominem,
920 597 964 630 et
999 599 1086 646 pro
1121 583 1361 631 scribentis

67 656 253 702 arbitrio
279 659 566 720 cogitantem
601 671 645 704 et
682 658 1054 719 respondentem,
1099 656 1231 704 simili
1265 671 1361 705 arte

67 727 387 777 efformaveris
410 748 420 774 ·.
447 731 519 776 sed
539 730 618 792 qui
639 730 827 792 proprie
849 745 1039 776 carneus
1060 728 1140 783 est,
1162 744 1207 776 et
1225 732 1359 787 vivit,

63 801 124 848 sic
147 818 222 848 rne
247 805 380 849 Deus
409 817 549 859 amet,
572 804 603 848 fi
633 803 744 865 quid
767 819 993 865 unquam,
1017 803 1080 848 ita
1108 803 1360 864 institutus,

63 877 184 923 ultra
207 877 467 940 Paedagogi
493 877 788 938 sophismata,
815 891 860 922 et
883 880 964 923 vix
992 877 1130 923 etiam
1156 880 1296 926 norit.

129 1035 178 1081 7.
205 1023 253 1068 A
277 1020 476 1087 septimo
503 1034 657 1068 autem
684 1018 739 1068 ad
761 1036 980 1085 quartum
1007 1023 1247 1071 decimum
1275 1041 1358 1071 an-

63 1109 176 1140 num
218 1094 469 1156 conspicuo
514 1095 771 1142 adolescere
816 1098 937 1143 Puer
982 1097 1203 1155 cernitur,
1266 1116 1359 1161 qua

60 1160 290 1231 perstante
326 1165 542 1228 periodO,
583 1176 671 1212 tum
709 1168 898 1222 maximi,
947 1177 1035 1213 tum
1070 1171 1231 1226 caeteri,
1269 1187 1356 1215 om-

61 1253 135 1284 nes
176 1237 317 1283 dentes
363 1238 680 1298 producuntur,
732 1241 953 1301 postquam
989 1241 1240 1298 exciderint,
1286 1245 1360 1305 qui

60 1311 116 1364 ,ab
148 1310 351 1357 alimento
390 1327 440 1356 ex
463 1321 584 1357 utero
616 1314 702 1358 orti
715 1314 821 1373 fiatt
844 1320 878 1362 ³.
944 1316 1077 1360 Tum
1104 1314 1358 1361 Pubertate

60 1382 386 1439 subveniente,
412 1383 630 1446 Vitaeque
656 1383 834 1446 impetu
863 1385 908 1430 in
936 1385 1250 1445 generationis
1276 1403 1354 1431 or-

60 1472 180 1520 gana
204 1456 455 1511 concitato,
495 1456 627 1503 suum
670 1456 894 1513 maribus,
937 1457 1242 1520 foeminisque
1274 1458 1356 1516 jus

59 1529 244 1576 Natura
270 1530 509 1585 tribuitur,
538 1544 583 1576 et
608 1530 840 1593 quidquid
866 1530 1011 1576 homo
1039 1531 1118 1587 est,
1150 1529 1353 1595 jamque

64 1605 281 1669 proxime
307 1604 547 1666 utrimque
574 1603 783 1650 sentitur.

128 1755 171 1799 8.
190 1750 465 1798 “Increscunt
490 1763 647 1796 autem
668 1763 713 1796 et
739 1750 795 1796 ad
824 1748 1015 1796 tertium
1036 1748 1346 1812 septennium,

57 1838 159 1873 turn
181 1838 349 1888 quarto
374 1824 612 1879 subeunte,
641 1824 737 1870 duo
760 1825 995 1886 utrimque
1014 1824 1178 1872 dentes
1203 1827 1351 1873 enasci

58 1897 222 1952 solent,
249 1896 329 1960 qui
350 1896 664 1942 moderatores
690 1895 972 1951 nominatur,
999 1910 1143 1958 utque
1166 1897 1352 1954 dicitur,

58 1971 294 2035 sapientiae
322 1970 529 2017 indices:
571 1968 831 2032 cujusmodi
857 1969 1228 2015 observationem
1257 1971 1346 2018 rite

59 2044 400 2110 antiquissimus
424 2043 621 2098 Αυξὶοῐ,
641 2042 686 2088 in
712 2055 906 2089 aetatum
933 2042 1313 2090 conversionibus
1332 2043 1351 2066 ⁶

1239 2134 1344 2181 per·

103 2309 116 2332 -‘
136 2302 250 2343 Conf.
271 2300 359 2339 Lib.
377 2302 436 2339 De
453 2303 564 2339 Cara.
591 2302 637 2339 de
653 2315 732 2353 quo
752 2302 963 2349 dubitatur,
984 2313 1115 2341 utrum
1134 2303 1181 2341 ad
1204 2302 1354 2355 Hippo-

51 2375 206 2409 cratem,
227 2375 274 2399 an
290 2360 335 2397 ad
356 2360 618 2398 Democritum
643 2360 854 2410 pertineat.
1049 2393 1057 2400 .

103 2422 120 2444 ⁶
150 2422 196 2459 In
216 2420 303 2459 Lib.
329 2421 370 2457 dc
400 2421 509 2456 Car-n.
529 2420 765 2470 Vigefimum
797 2434 938 2457 annum
961 2421 1155 2472 'tanquam
1173 2419 1354 2456 absolutae

50 2479 272 2519 dentitionis
291 2479 416 2523 finem,
445 2479 724 2529 comprehensis
746 2479 854 2516 simul
880 2479 1068 2529 sapientiae
1087 2477 1276 2525 dentibus,
1292 2477 1355 2528 ju-

50 2541 153 2579 dicat
183 2541 249 2578 (31.
284 2539 560 2591 Unguebauer.
616 2538 755 2576 Multis
789 2550 915 2576 tamen
949 2540 1185 2590 frequenter,
1216 2546 1356 2588 quarta

51 2601 213 2651 heptade
249 2609 575 2651 praetercurrente,
605 2598 680 2638 seri
713 2598 843 2636 dentes
879 2599 1125 2649 proveniunt.
1180 2596 1349 2647 Vesalio,

2 2666 5 2669 ’
50 2663 275 2713 vigesimum
294 2661 494 2711 septimum
515 2674 657 2698 annum
673 2661 815 2711 agenti,
832 2660 1042 2710 trigesimus
1061 2660 1247 2698 secundus
1260 2658 1352 2696 dens

51 2723 206 2773 prodiit.
273 2722 363 2761 Vidi
399 2732 436 2763 et
473 2720 626 2775 quibus,
656 2720 848 2771 trigesimo
890 2721 1057 2768 ineunte,
1095 2729 1350 2769 erumperent.

648 2780 695 2817 Μ
723 2794 744 2831 3
1243 2774 1355 2812 Sei-os
