<?xml version="1.0" encoding="UTF-8"?>
<!DOCTYPE html PUBLIC "-//W3C//DTD XHTML 1.0 Transitional//EN"
    "http://www.w3.org/TR/xhtml1/DTD/xhtml1-transitional.dtd">
<html xmlns="http://www.w3.org/1999/xhtml" xml:lang="en" lang="en">
 <head>
  <title>
</title>
<meta http-equiv="Content-Type" content="text/html;charset=utf-8" />
  <meta name='ocr-system' content='tesseract 3.04.00' />
  <meta name='ocr-capabilities' content='ocr_page ocr_carea ocr_par ocr_line ocrx_word'/>
</head>
<body>
  <div class='ocr_page' id='page_1' title='image "./devitalibusperio02testuoft_0200.png"; bbox 0 0 1871 3211; ppageno 0'>
   <div class='ocr_carea' id='block_1_1' title="bbox 460 258 1500 320">
    <p class='ocr_par' dir='ltr' id='par_1_1' title="bbox 460 258 1500 320">
     <span class='ocr_line' id='line_1_1' title="bbox 460 258 1500 320; baseline -0.006 0"><span class='ocrx_word' id='word_1_1' title='bbox 460 264 554 320; x_wconf 75' lang='lat'>186</span> <span class='ocrx_word' id='word_1_2' title='bbox 688 266 807 317; x_wconf 93' lang='lat' dir='ltr'>DE</span> <span class='ocrx_word' id='word_1_3' title='bbox 860 258 1500 317; x_wconf 57' lang='lat' dir='ltr'>VIT.EPR‘10D.</span> 
     </span>
    </p>
   </div>
   <div class='ocr_carea' id='block_1_2' title="bbox 427 400 1753 2090">
    <p class='ocr_par' dir='ltr' id='par_1_2' title="bbox 427 400 1753 2090">
     <span class='ocr_line' id='line_1_2' title="bbox 454 400 1753 466; baseline -0.003 -16"><span class='ocrx_word' id='word_1_4' title='bbox 454 415 553 450; x_wconf 87' lang='lat' dir='ltr'>tera</span> <span class='ocrx_word' id='word_1_5' title='bbox 575 401 815 466; x_wconf 87' lang='lat' dir='ltr'>supersunt</span> <span class='ocrx_word' id='word_1_6' title='bbox 836 418 849 449; x_wconf 76' lang='grc' dir='ltr'><strong><em>ε</em></strong></span> <span class='ocrx_word' id='word_1_7' title='bbox 903 402 1024 448; x_wconf 88' lang='lat' dir='ltr'>fiunt</span> <span class='ocrx_word' id='word_1_8' title='bbox 1048 412 1226 457; x_wconf 85' lang='lat' dir='ltr'>contra,</span> <span class='ocrx_word' id='word_1_9' title='bbox 1252 401 1354 464; x_wconf 88' lang='lat' dir='ltr'>post</span> <span class='ocrx_word' id='word_1_10' title='bbox 1378 400 1426 447; x_wconf 88' lang='lat' dir='ltr'>id</span> <span class='ocrx_word' id='word_1_11' title='bbox 1468 412 1672 462; x_wconf 88' lang='lat' dir='ltr'>tempus,</span> <span class='ocrx_word' id='word_1_12' title='bbox 1697 414 1753 446; x_wconf 86' lang='lat' dir='ltr'>ea</span> 
     </span>
     <span class='ocr_line' id='line_1_3' title="bbox 454 473 1751 539; baseline -0.003 -15"><span class='ocrx_word' id='word_1_13' title='bbox 454 475 761 525; x_wconf 85' lang='lat' dir='ltr'>arteriarum:</span> <span class='ocrx_word' id='word_1_14' title='bbox 800 487 854 522; x_wconf 89' lang='lat' dir='ltr'>ut</span> <span class='ocrx_word' id='word_1_15' title='bbox 892 488 1143 539; x_wconf 89' lang='lat' dir='ltr'>propterea</span> <span class='ocrx_word' id='word_1_16' title='bbox 1180 475 1417 538; x_wconf 84' lang='lat' dir='ltr'>sanguinis</span> <span class='ocrx_word' id='word_1_17' title='bbox 1448 473 1660 521; x_wconf 75' lang='lat' dir='ltr'>transitus</span> <span class='ocrx_word' id='word_1_18' title='bbox 1691 473 1751 520; x_wconf 87' lang='lat' dir='ltr'>ab</span> 
     </span>
     <span class='ocr_line' id='line_1_4' title="bbox 449 547 1753 613; baseline -0.003 -15"><span class='ocrx_word' id='word_1_19' title='bbox 449 550 630 599; x_wconf 88' lang='lat' dir='ltr'>arteriis</span> <span class='ocrx_word' id='word_1_20' title='bbox 671 551 717 598; x_wconf 92' lang='lat' dir='ltr'>in</span> <span class='ocrx_word' id='word_1_21' title='bbox 754 566 915 606; x_wconf 90' lang='lat' dir='ltr'>venas,</span> <span class='ocrx_word' id='word_1_22' title='bbox 963 549 1068 613; x_wconf 91' lang='lat' dir='ltr'>plus</span> <span class='ocrx_word' id='word_1_23' title='bbox 1093 549 1187 596; x_wconf 89' lang='lat' dir='ltr'>fere</span> <span class='ocrx_word' id='word_1_24' title='bbox 1217 549 1506 595; x_wconf 88' lang='lat' dir='ltr'>difficultatis</span> <span class='ocrx_word' id='word_1_25' title='bbox 1532 548 1578 594; x_wconf 91' lang='lat' dir='ltr'>in</span> <span class='ocrx_word' id='word_1_26' title='bbox 1600 547 1753 610; x_wconf 87' lang='lat' dir='ltr'>prima</span> 
     </span>
     <span class='ocr_line' id='line_1_5' title="bbox 448 620 1749 687; baseline -0.004 -15"><span class='ocrx_word' id='word_1_27' title='bbox 448 624 578 672; x_wconf 86' lang='lat' dir='ltr'>Vitae</span> <span class='ocrx_word' id='word_1_28' title='bbox 598 636 751 680; x_wconf 74' lang='lat' dir='ltr'>aetate,</span> <span class='ocrx_word' id='word_1_29' title='bbox 793 639 939 687; x_wconf 88' lang='lat' dir='ltr'>quarn</span> <span class='ocrx_word' id='word_1_30' title='bbox 963 622 1122 670; x_wconf 92' lang='lat' dir='ltr'>medio</span> <span class='ocrx_word' id='word_1_31' title='bbox 1147 620 1246 686; x_wconf 85' lang='lat' dir='ltr'>ejus</span> <span class='ocrx_word' id='word_1_32' title='bbox 1283 635 1507 686; x_wconf 88' lang='lat' dir='ltr'>vergente</span> <span class='ocrx_word' id='word_1_33' title='bbox 1532 621 1749 677; x_wconf 90' lang='lat' dir='ltr'>termino,</span> 
     </span>
     <span class='ocr_line' id='line_1_6' title="bbox 437 696 1750 764; baseline -0.004 -17"><span class='ocrx_word' id='word_1_34' title='bbox 437 709 500 746; x_wconf 70' lang='lat' dir='ltr'>&#39;et</span> <span class='ocrx_word' id='word_1_35' title='bbox 523 699 698 763; x_wconf 88' lang='lat' dir='ltr'>postea,</span> <span class='ocrx_word' id='word_1_36' title='bbox 731 699 903 746; x_wconf 91' lang='lat' dir='ltr'>habere</span> <span class='ocrx_word' id='word_1_37' title='bbox 926 698 1159 745; x_wconf 84' lang='lat' dir='ltr'>videatur.</span> <span class='ocrx_word' id='word_1_38' title='bbox 1197 699 1358 764; x_wconf 82' lang='lat' dir='ltr'>Qare</span> <span class='ocrx_word' id='word_1_39' title='bbox 1383 696 1618 760; x_wconf 83' lang='lat' dir='ltr'>sanguinis</span> <span class='ocrx_word' id='word_1_40' title='bbox 1638 712 1750 759; x_wconf 87' lang='lat' dir='ltr'>pro-</span> 
     </span>
     <span class='ocr_line' id='line_1_7' title="bbox 449 771 1750 836; baseline -0.005 -13"><span class='ocrx_word' id='word_1_41' title='bbox 449 774 596 824; x_wconf 86' lang='lat' dir='ltr'>fluvia</span> <span class='ocrx_word' id='word_1_42' title='bbox 620 774 667 821; x_wconf 91' lang='lat' dir='ltr'>in</span> <span class='ocrx_word' id='word_1_43' title='bbox 687 774 1014 828; x_wconf 88' lang='lat' dir='ltr'>adolescentia,</span> <span class='ocrx_word' id='word_1_44' title='bbox 1042 771 1329 827; x_wconf 81' lang='lat' dir='ltr'>arteriarum,</span> <span class='ocrx_word' id='word_1_45' title='bbox 1368 774 1472 835; x_wconf 88' lang='lat' dir='ltr'>plus</span> <span class='ocrx_word' id='word_1_46' title='bbox 1497 788 1640 836; x_wconf 87' lang='lat' dir='ltr'>quam</span> <span class='ocrx_word' id='word_1_47' title='bbox 1664 787 1750 817; x_wconf 90' lang='lat' dir='ltr'>ve·-</span> 
     </span>
     <span class='ocr_line' id='line_1_8' title="bbox 449 845 1750 907; baseline -0.002 -13"><span class='ocrx_word' id='word_1_48' title='bbox 449 863 616 894; x_wconf 88' lang='lat' dir='ltr'>narum</span> <span class='ocrx_word' id='word_1_49' title='bbox 665 845 933 900; x_wconf 86' lang='lat' dir='ltr'>creduntur,</span> <span class='ocrx_word' id='word_1_50' title='bbox 974 857 1134 890; x_wconf 89' lang='lat' dir='ltr'>contra</span> <span class='ocrx_word' id='word_1_51' title='bbox 1174 860 1400 889; x_wconf 87' lang='lat' dir='ltr'>venarum</span> <span class='ocrx_word' id='word_1_52' title='bbox 1439 845 1562 906; x_wconf 89' lang='lat' dir='ltr'>plus,</span> <span class='ocrx_word' id='word_1_53' title='bbox 1602 860 1750 907; x_wconf 87' lang='lat' dir='ltr'>quarn</span> 
     </span>
     <span class='ocr_line' id='line_1_9' title="bbox 450 916 1745 981; baseline -0.002 -13"><span class='ocrx_word' id='word_1_54' title='bbox 450 922 741 977; x_wconf 86' lang='lat' dir='ltr'>arteriarum,</span> <span class='ocrx_word' id='word_1_55' title='bbox 766 931 989 981; x_wconf 88' lang='lat' dir='ltr'>vergente</span> <span class='ocrx_word' id='word_1_56' title='bbox 1015 918 1129 963; x_wconf 87' lang='lat' dir='ltr'>Vita</span> <span class='ocrx_word' id='word_1_57' title='bbox 1155 919 1205 962; x_wconf 85' lang='lat'>¹⁹.</span> <span class='ocrx_word' id='word_1_58' title='bbox 1258 916 1349 962; x_wconf 86' lang='lat' dir='ltr'>Sed</span> <span class='ocrx_word' id='word_1_59' title='bbox 1370 917 1507 962; x_wconf 87' lang='lat' dir='ltr'>multi</span> <span class='ocrx_word' id='word_1_60' title='bbox 1531 918 1745 980; x_wconf 89' lang='lat' dir='ltr'>quidem,</span> 
     </span>
     <span class='ocr_line' id='line_1_10' title="bbox 445 988 1750 1058; baseline -0.001 -18"><span class='ocrx_word' id='word_1_61' title='bbox 445 1006 764 1058; x_wconf 17' lang='lat' dir='ltr'>*praeterquam</span> <span class='ocrx_word' id='word_1_62' title='bbox 788 992 956 1039; x_wconf 89' lang='lat' dir='ltr'>veritas</span> <span class='ocrx_word' id='word_1_63' title='bbox 982 991 1264 1054; x_wconf 87' lang='lat' dir='ltr'>patiebatur,</span> <span class='ocrx_word' id='word_1_64' title='bbox 1291 990 1336 1036; x_wconf 88' lang='lat' dir='ltr'>in</span> <span class='ocrx_word' id='word_1_65' title='bbox 1364 988 1590 1053; x_wconf 84' lang='lat' dir='ltr'>ejusmodi</span> <span class='ocrx_word' id='word_1_66' title='bbox 1615 992 1750 1040; x_wconf 85' lang='lat' dir='ltr'>vaso-</span> 
     </span>
     <span class='ocr_line' id='line_1_11' title="bbox 446 1065 1747 1132; baseline 0 -17"><span class='ocrx_word' id='word_1_67' title='bbox 446 1085 550 1116; x_wconf 90' lang='lat' dir='ltr'>rum</span> <span class='ocrx_word' id='word_1_68' title='bbox 574 1069 777 1132; x_wconf 88' lang='lat' dir='ltr'>rupturis</span> <span class='ocrx_word' id='word_1_69' title='bbox 803 1066 1118 1122; x_wconf 88' lang='lat' dir='ltr'>nominandis,</span> <span class='ocrx_word' id='word_1_70' title='bbox 1140 1065 1332 1113; x_wconf 84' lang='lat' dir='ltr'>fortassis</span> <span class='ocrx_word' id='word_1_71' title='bbox 1358 1066 1747 1115; x_wconf 84' lang='lat' dir='ltr'>abundaverunt:</span> 
     </span>
     <span class='ocr_line' id='line_1_12' title="bbox 445 1138 1748 1205; baseline -0.002 -16"><span class='ocrx_word' id='word_1_72' title='bbox 445 1141 609 1205; x_wconf 85' lang='lat' dir='ltr'>saepius</span> <span class='ocrx_word' id='word_1_73' title='bbox 646 1143 775 1189; x_wconf 88' lang='lat' dir='ltr'>enim</span> <span class='ocrx_word' id='word_1_74' title='bbox 812 1141 1088 1204; x_wconf 86' lang='lat' dir='ltr'>sanguinem</span> <span class='ocrx_word' id='word_1_75' title='bbox 1131 1156 1187 1186; x_wconf 86' lang='lat' dir='ltr'>ex</span> <span class='ocrx_word' id='word_1_76' title='bbox 1224 1139 1323 1186; x_wconf 88' lang='lat' dir='ltr'>solo</span> <span class='ocrx_word' id='word_1_77' title='bbox 1371 1138 1579 1186; x_wconf 85' lang='lat' dir='ltr'>cellulari</span> <span class='ocrx_word' id='word_1_78' title='bbox 1613 1152 1748 1187; x_wconf 88' lang='lat' dir='ltr'>textu</span> 
     </span>
     <span class='ocr_line' id='line_1_13' title="bbox 443 1212 1748 1278; baseline -0.001 -17"><span class='ocrx_word' id='word_1_79' title='bbox 443 1215 698 1278; x_wconf 86' lang='lat' dir='ltr'>profluere,</span> <span class='ocrx_word' id='word_1_80' title='bbox 745 1230 859 1261; x_wconf 90' lang='lat' dir='ltr'>vero</span> <span class='ocrx_word' id='word_1_81' title='bbox 885 1215 973 1260; x_wconf 80' lang='lat' dir='ltr'>esse</span> <span class='ocrx_word' id='word_1_82' title='bbox 998 1212 1256 1276; x_wconf 84' lang='lat' dir='ltr'>proximius</span> <span class='ocrx_word' id='word_1_83' title='bbox 1285 1225 1419 1276; x_wconf 90' lang='lat' dir='ltr'>puto,</span> <span class='ocrx_word' id='word_1_84' title='bbox 1468 1212 1513 1258; x_wconf 89' lang='lat' dir='ltr'>in</span> <span class='ocrx_word' id='word_1_85' title='bbox 1541 1229 1748 1277; x_wconf 85' lang='lat' dir='ltr'>eumque</span> 
     </span>
     <span class='ocr_line' id='line_1_14' title="bbox 427 1279 1745 1354; baseline -0.002 -17"><span class='ocrx_word' id='word_1_86' title='bbox 427 1279 719 1354; x_wconf 55' lang='lat' dir='ltr'>&#39;congregari</span> <span class='ocrx_word' id='word_1_87' title='bbox 743 1303 932 1353; x_wconf 90' lang='lat' dir='ltr'>propter</span> <span class='ocrx_word' id='word_1_88' title='bbox 964 1288 1271 1334; x_wconf 88' lang='lat' dir='ltr'>minimorum</span> <span class='ocrx_word' id='word_1_89' title='bbox 1297 1288 1534 1343; x_wconf 89' lang='lat' dir='ltr'>vasorum,</span> <span class='ocrx_word' id='word_1_90' title='bbox 1559 1287 1635 1334; x_wconf 93' lang='lat' dir='ltr'>vel</span> <span class='ocrx_word' id='word_1_91' title='bbox 1660 1287 1745 1335; x_wconf 86' lang='lat' dir='ltr'>ab-</span> 
     </span>
     <span class='ocr_line' id='line_1_15' title="bbox 443 1362 1747 1427; baseline 0 -17"><span class='ocrx_word' id='word_1_92' title='bbox 443 1365 643 1412; x_wconf 85' lang='lat' dir='ltr'>solutam</span> <span class='ocrx_word' id='word_1_93' title='bbox 691 1364 1002 1421; x_wconf 83' lang='lat' dir='ltr'>debilitatem,</span> <span class='ocrx_word' id='word_1_94' title='bbox 1054 1363 1264 1426; x_wconf 88' lang='lat' dir='ltr'>proprio,</span> <span class='ocrx_word' id='word_1_95' title='bbox 1311 1364 1395 1427; x_wconf 87' lang='lat' dir='ltr'>qui</span> <span class='ocrx_word' id='word_1_96' title='bbox 1437 1362 1622 1418; x_wconf 87' lang='lat' dir='ltr'>dicitur,</span> <span class='ocrx_word' id='word_1_97' title='bbox 1670 1363 1747 1414; x_wconf 74' lang='lat' dir='ltr'>vi7</span> 
     </span>
     <span class='ocr_line' id='line_1_16' title="bbox 442 1438 1745 1502; baseline 0 -16"><span class='ocrx_word' id='word_1_98' title='bbox 442 1441 524 1487; x_wconf 88' lang='lat' dir='ltr'>tali</span> <span class='ocrx_word' id='word_1_99' title='bbox 541 1454 654 1488; x_wconf 90' lang='lat' dir='ltr'>tono</span> <span class='ocrx_word' id='word_1_100' title='bbox 679 1440 725 1487; x_wconf 89' lang='lat' dir='ltr'>in</span> <span class='ocrx_word' id='word_1_101' title='bbox 750 1439 803 1487; x_wconf 88' lang='lat' dir='ltr'>iis</span> <span class='ocrx_word' id='word_1_102' title='bbox 830 1439 1010 1498; x_wconf 84' lang='lat' dir='ltr'>amiffo,</span> <span class='ocrx_word' id='word_1_103' title='bbox 1044 1440 1120 1485; x_wconf 89' lang='lat' dir='ltr'>vel</span> <span class='ocrx_word' id='word_1_104' title='bbox 1148 1451 1337 1502; x_wconf 85' lang='lat' dir='ltr'>propter</span> <span class='ocrx_word' id='word_1_105' title='bbox 1363 1438 1558 1484; x_wconf 86' lang='lat' dir='ltr'>nimiam</span> <span class='ocrx_word' id='word_1_106' title='bbox 1585 1439 1745 1486; x_wconf 88' lang='lat' dir='ltr'>incur·</span> 
     </span>
     <span class='ocr_line' id='line_1_17' title="bbox 443 1511 1743 1578; baseline -0.001 -18"><span class='ocrx_word' id='word_1_107' title='bbox 443 1515 586 1562; x_wconf 90' lang='lat' dir='ltr'>rentis</span> <span class='ocrx_word' id='word_1_108' title='bbox 625 1513 855 1578; x_wconf 79' lang='lat' dir='ltr'>sanguinis</span> <span class='ocrx_word' id='word_1_109' title='bbox 906 1512 1176 1571; x_wconf 76' lang='lat' dir='ltr'>tenuissimi,</span> <span class='ocrx_word' id='word_1_110' title='bbox 1221 1526 1266 1559; x_wconf 88' lang='lat' dir='ltr'>et</span> <span class='ocrx_word' id='word_1_111' title='bbox 1308 1511 1487 1559; x_wconf 83' lang='lat' dir='ltr'>rarioris</span> <span class='ocrx_word' id='word_1_112' title='bbox 1531 1512 1743 1559; x_wconf 66' lang='lat' dir='ltr'>aetivita-</span> 
     </span>
     <span class='ocr_line' id='line_1_18' title="bbox 441 1586 1742 1653; baseline -0.002 -18"><span class='ocrx_word' id='word_1_113' title='bbox 441 1600 572 1636; x_wconf 84' lang='lat' dir='ltr'>tem:</span> <span class='ocrx_word' id='word_1_114' title='bbox 609 1589 862 1653; x_wconf 88' lang='lat' dir='ltr'>utrobique</span> <span class='ocrx_word' id='word_1_115' title='bbox 893 1589 1017 1635; x_wconf 89' lang='lat' dir='ltr'>enim</span> <span class='ocrx_word' id='word_1_116' title='bbox 1044 1588 1245 1635; x_wconf 89' lang='lat' dir='ltr'>minima</span> <span class='ocrx_word' id='word_1_117' title='bbox 1270 1603 1432 1632; x_wconf 85' lang='lat' dir='ltr'>eorum</span> <span class='ocrx_word' id='word_1_118' title='bbox 1458 1586 1617 1635; x_wconf 82' lang='lat' dir='ltr'>ostiola</span> <span class='ocrx_word' id='word_1_119' title='bbox 1640 1587 1742 1633; x_wconf 84' lang='lat' dir='ltr'>lax-</span> 
     </span>
     <span class='ocr_line' id='line_1_19' title="bbox 441 1659 1739 1726; baseline -0.004 -17"><span class='ocrx_word' id='word_1_120' title='bbox 441 1676 591 1719; x_wconf 88' lang='lat' dir='ltr'>antur,</span> <span class='ocrx_word' id='word_1_121' title='bbox 634 1678 781 1726; x_wconf 86' lang='lat' dir='ltr'>eaque</span> <span class='ocrx_word' id='word_1_122' title='bbox 809 1663 916 1708; x_wconf 80' lang='lat' dir='ltr'>data</span> <span class='ocrx_word' id='word_1_123' title='bbox 951 1675 1083 1724; x_wconf 88' lang='lat' dir='ltr'>porta</span> <span class='ocrx_word' id='word_1_124' title='bbox 1128 1663 1173 1707; x_wconf 90' lang='lat' dir='ltr'>in</span> <span class='ocrx_word' id='word_1_125' title='bbox 1213 1659 1447 1706; x_wconf 86' lang='lat' dir='ltr'>cellularis</span> <span class='ocrx_word' id='word_1_126' title='bbox 1479 1660 1739 1722; x_wconf 88' lang='lat' dir='ltr'>intercape-</span> 
     </span>
     <span class='ocr_line' id='line_1_20' title="bbox 439 1731 1737 1798; baseline -0.004 -16"><span class='ocrx_word' id='word_1_127' title='bbox 439 1735 572 1783; x_wconf 88' lang='lat' dir='ltr'>dines</span> <span class='ocrx_word' id='word_1_128' title='bbox 611 1735 797 1798; x_wconf 79' lang='lat' dir='ltr'>sanguis</span> <span class='ocrx_word' id='word_1_129' title='bbox 829 1734 1066 1797; x_wconf 81' lang='lat' dir='ltr'>recipitur.</span> <span class='ocrx_word' id='word_1_130' title='bbox 1141 1733 1280 1779; x_wconf 90' lang='lat' dir='ltr'>Certe</span> <span class='ocrx_word' id='word_1_131' title='bbox 1322 1731 1503 1788; x_wconf 78' lang='lat' dir='ltr'>multis,</span> <span class='ocrx_word' id='word_1_132' title='bbox 1531 1731 1612 1794; x_wconf 90' lang='lat' dir='ltr'>qui</span> <span class='ocrx_word' id='word_1_133' title='bbox 1655 1731 1737 1778; x_wconf 87' lang='lat' dir='ltr'>diu</span> 
     </span>
     <span class='ocr_line' id='line_1_21' title="bbox 439 1804 1738 1871; baseline -0.003 -16"><span class='ocrx_word' id='word_1_134' title='bbox 439 1810 667 1871; x_wconf 83' lang='lat' dir='ltr'>pulmone</span> <span class='ocrx_word' id='word_1_135' title='bbox 707 1808 980 1870; x_wconf 88' lang='lat' dir='ltr'>sanguinem</span> <span class='ocrx_word' id='word_1_136' title='bbox 1010 1805 1262 1868; x_wconf 86' lang='lat' dir='ltr'>ejecerunt,</span> <span class='ocrx_word' id='word_1_137' title='bbox 1306 1805 1386 1849; x_wconf 85' lang='lat' dir='ltr'>vix</span> <span class='ocrx_word' id='word_1_138' title='bbox 1429 1805 1527 1850; x_wconf 87' lang='lat' dir='ltr'>ulla</span> <span class='ocrx_word' id='word_1_139' title='bbox 1552 1805 1596 1850; x_wconf 89' lang='lat' dir='ltr'>in</span> <span class='ocrx_word' id='word_1_140' title='bbox 1623 1804 1738 1851; x_wconf 81' lang='lat' dir='ltr'>vasis</span> 
     </span>
     <span class='ocr_line' id='line_1_22' title="bbox 438 1877 1739 1944; baseline -0.003 -16"><span class='ocrx_word' id='word_1_141' title='bbox 438 1880 683 1944; x_wconf 69' lang='lat' dir='ltr'>praehabiti</span> <span class='ocrx_word' id='word_1_142' title='bbox 720 1879 940 1936; x_wconf 85' lang='lat' dir='ltr'>vulneris,</span> <span class='ocrx_word' id='word_1_143' title='bbox 989 1893 1069 1924; x_wconf 89' lang='lat' dir='ltr'>aut</span> <span class='ocrx_word' id='word_1_144' title='bbox 1092 1877 1319 1924; x_wconf 85' lang='lat' dir='ltr'>cicatricis</span> <span class='ocrx_word' id='word_1_145' title='bbox 1344 1877 1537 1941; x_wconf 87' lang='lat' dir='ltr'>vestigia</span> <span class='ocrx_word' id='word_1_146' title='bbox 1555 1891 1739 1941; x_wconf 79' lang='lat' dir='ltr'>reperta</span> 
     </span>
     <span class='ocr_line' id='line_1_23' title="bbox 439 1950 1735 2018; baseline -0.002 -16"><span class='ocrx_word' id='word_1_147' title='bbox 439 1956 575 2002; x_wconf 90' lang='lat' dir='ltr'>sunt:</span> <span class='ocrx_word' id='word_1_148' title='bbox 614 1954 876 2018; x_wconf 86' lang='lat' dir='ltr'>cujusmodi</span> <span class='ocrx_word' id='word_1_149' title='bbox 903 1952 1140 2015; x_wconf 83' lang='lat' dir='ltr'>extispicia</span> <span class='ocrx_word' id='word_1_150' title='bbox 1166 1968 1258 1999; x_wconf 89' lang='lat' dir='ltr'>non</span> <span class='ocrx_word' id='word_1_151' title='bbox 1286 1950 1603 2016; x_wconf 86' lang='lat' dir='ltr'>infrequenter</span> <span class='ocrx_word' id='word_1_152' title='bbox 1635 1952 1735 2000; x_wconf 87' lang='lat' dir='ltr'>Cli-</span> 
     </span>
     <span class='ocr_line' id='line_1_24' title="bbox 439 2027 1115 2090; baseline -0.007 -14"><span class='ocrx_word' id='word_1_153' title='bbox 439 2029 653 2078; x_wconf 89' lang='lat' dir='ltr'>nicorum</span> <span class='ocrx_word' id='word_1_154' title='bbox 678 2028 809 2076; x_wconf 88' lang='lat' dir='ltr'>libris</span> <span class='ocrx_word' id='word_1_155' title='bbox 835 2027 1115 2090; x_wconf 87' lang='lat' dir='ltr'>allegantur.</span> 
     </span>
    </p>
   </div>
   <div class='ocr_carea' id='block_1_3' title="bbox 435 2171 1733 2462">
    <p class='ocr_par' dir='ltr' id='par_1_3' title="bbox 435 2171 1733 2462">
     <span class='ocr_line' id='line_1_25' title="bbox 504 2171 1733 2240; baseline -0.003 -15"><span class='ocrx_word' id='word_1_156' title='bbox 504 2195 585 2240; x_wconf 82' lang='lat'>31.</span> <span class='ocrx_word' id='word_1_157' title='bbox 625 2177 722 2224; x_wconf 86' lang='lat' dir='ltr'>Vix</span> <span class='ocrx_word' id='word_1_158' title='bbox 746 2188 904 2223; x_wconf 88' lang='lat' dir='ltr'>tamen</span> <span class='ocrx_word' id='word_1_159' title='bbox 939 2172 1155 2219; x_wconf 87' lang='lat' dir='ltr'>vanitatis</span> <span class='ocrx_word' id='word_1_160' title='bbox 1186 2171 1436 2218; x_wconf 88' lang='lat' dir='ltr'>incusanda</span> <span class='ocrx_word' id='word_1_161' title='bbox 1461 2187 1621 2220; x_wconf 87' lang='lat' dir='ltr'>eorum</span> <span class='ocrx_word' id='word_1_162' title='bbox 1662 2173 1733 2221; x_wconf 87' lang='lat' dir='ltr'>in-</span> 
     </span>
     <span class='ocr_line' id='line_1_26' title="bbox 435 2248 1733 2314; baseline -0.004 -13"><span class='ocrx_word' id='word_1_163' title='bbox 435 2253 604 2301; x_wconf 87' lang='lat' dir='ltr'>dustria</span> <span class='ocrx_word' id='word_1_164' title='bbox 641 2251 720 2309; x_wconf 89' lang='lat' dir='ltr'>est,</span> <span class='ocrx_word' id='word_1_165' title='bbox 758 2250 840 2314; x_wconf 89' lang='lat' dir='ltr'>qui</span> <span class='ocrx_word' id='word_1_166' title='bbox 866 2249 993 2296; x_wconf 82' lang='lat' dir='ltr'>Vitae</span> <span class='ocrx_word' id='word_1_167' title='bbox 1017 2259 1285 2311; x_wconf 88' lang='lat' dir='ltr'>temporum</span> <span class='ocrx_word' id='word_1_168' title='bbox 1326 2248 1650 2295; x_wconf 80' lang='lat' dir='ltr'>conversiones</span> <span class='ocrx_word' id='word_1_169' title='bbox 1675 2265 1733 2297; x_wconf 87' lang='lat' dir='ltr'>ex</span> 
     </span>
     <span class='ocr_line' id='line_1_27' title="bbox 436 2322 1730 2386; baseline -0.003 -12"><span class='ocrx_word' id='word_1_170' title='bbox 436 2328 564 2374; x_wconf 87' lang='lat' dir='ltr'>varia</span> <span class='ocrx_word' id='word_1_171' title='bbox 600 2326 814 2372; x_wconf 90' lang='lat' dir='ltr'>vasorum</span> <span class='ocrx_word' id='word_1_172' title='bbox 856 2322 1141 2371; x_wconf 73' lang='lat' dir='ltr'>dimensione</span> <span class='ocrx_word' id='word_1_173' title='bbox 1186 2323 1338 2369; x_wconf 87' lang='lat' dir='ltr'>metiri</span> <span class='ocrx_word' id='word_1_174' title='bbox 1381 2335 1562 2381; x_wconf 87' lang='lat' dir='ltr'>curant,</span> <span class='ocrx_word' id='word_1_175' title='bbox 1600 2325 1730 2386; x_wconf 88' lang='lat' dir='ltr'>quod</span> 
     </span>
     <span class='ocr_line' id='line_1_28' title="bbox 438 2396 1728 2462; baseline -0.004 -13"><span class='ocrx_word' id='word_1_176' title='bbox 438 2400 625 2450; x_wconf 88' lang='lat' dir='ltr'>istorum</span> <span class='ocrx_word' id='word_1_177' title='bbox 660 2399 818 2462; x_wconf 88' lang='lat' dir='ltr'>reapse</span> <span class='ocrx_word' id='word_1_178' title='bbox 864 2399 970 2455; x_wconf 89' lang='lat' dir='ltr'>alia,</span> <span class='ocrx_word' id='word_1_179' title='bbox 1010 2410 1151 2461; x_wconf 87' lang='lat' dir='ltr'>atque</span> <span class='ocrx_word' id='word_1_180' title='bbox 1195 2396 1285 2442; x_wconf 85' lang='lat' dir='ltr'>alia</span> <span class='ocrx_word' id='word_1_181' title='bbox 1327 2396 1396 2452; x_wconf 85' lang='lat' dir='ltr'>fit,</span> <span class='ocrx_word' id='word_1_182' title='bbox 1439 2397 1728 2459; x_wconf 86' lang='lat' dir='ltr'>procedente</span> 
     </span>
    </p>
   </div>
   <div class='ocr_carea' id='block_1_4' title="bbox 622 2601 1717 2735">
    <p class='ocr_par' dir='ltr' id='par_1_4' title="bbox 622 2601 1717 2735">
     <span class='ocr_line' id='line_1_29' title="bbox 622 2601 1522 2656; baseline -0.001 -14"><span class='ocrx_word' id='word_1_183' title='bbox 622 2607 659 2653; x_wconf 59' lang='lat' dir='ltr'>J9</span> <span class='ocrx_word' id='word_1_184' title='bbox 687 2602 804 2643; x_wconf 81' lang='lat' dir='ltr'>Conf·</span> <span class='ocrx_word' id='word_1_185' title='bbox 833 2602 946 2643; x_wconf 82' lang='lat' dir='ltr'>Clift.</span> <span class='ocrx_word' id='word_1_186' title='bbox 963 2601 1204 2655; x_wconf 71' lang='lat' dir='ltr'>VVintringh.</span> <span class='ocrx_word' id='word_1_187' title='bbox 1223 2603 1361 2656; x_wconf 53' lang='lat' dir='ltr'>Enper.</span> <span class='ocrx_word' id='word_1_188' title='bbox 1381 2603 1522 2654; x_wconf 77' lang='lat' dir='ltr'>Inquir.</span> 
     </span>
     <span class='ocr_line' id='line_1_30' title="bbox 1564 2690 1717 2735; baseline -0.013 -10"><span class='ocrx_word' id='word_1_189' title='bbox 1564 2690 1717 2735; x_wconf 67' lang='lat' dir='ltr'>aetate,</span> 
     </span>
    </p>
   </div>
  </div>
 </body>
</html>
