1871 3211
407 295 1395 360 CAUSSIS.185

113 433 335 497 pressione
358 443 474 486 orta,
503 430 625 494 apud
650 429 1001 492 Hippocratem
1030 429 1268 491 leguntur,
1306 429 1412 491 qui-

118 507 204 554 bus
228 520 400 558 tamen,
439 505 520 568 qui
542 502 768 550 castiffimi
794 502 1094 568 suntjudicii,
1121 502 1304 550 Medici
1326 520 1412 549 no-

3 603 5 631 l
127 582 230 629 lunt
250 580 454 628 credere.

191 731 268 777 29.
298 713 572 778 Cujusmodi
593 711 866 768 affectuum,
894 711 1281 774 morborumque,
1302 727 1420 775 quos

122 789 257 852 supra
290 788 658 842 nominavimus,
713 787 1108 834 viciffitudinibus
1146 803 1286 833 omne
1330 787 1424 834 fere

122 863 463 911 Adolescentiae
490 876 679 924 tempus
714 860 963 907 infestatur.
1036 862 1210 922 Neque
1254 861 1425 924 incipi-

120 938 301 984 entium
345 935 572 980 menlium
599 933 799 995 periodi,
844 951 989 997 quam
1032 934 1261 980 habiturae
1302 935 1422 993 sunt,

124 1009 427 1075 regularitate
453 1008 607 1055 subito
631 1008 842 1055 constant
868 1027 878 1055 :
918 1023 963 1055 et
1005 1010 1150 1055 modo
1177 1009 1264 1065 bis,
1307 1027 1424 1072 qua-

127 1095 289 1145 terque
334 1084 380 1130 in
432 1081 589 1128 mense
635 1082 800 1138 fluunt,
838 1083 986 1129 modo
1030 1082 1231 1128 ceffant:
1281 1083 1429 1131 donec

130 1156 262 1202 annis
296 1158 481 1205 firmata
498 1169 652 1211 aetate,
692 1154 1023 1202 halituosorum
1048 1155 1172 1201 Vitfe
1200 1155 1432 1219 Principi-

131 1246 269 1277 orum
301 1230 495 1293 appulsu
537 1231 624 1275 rite
660 1229 892 1285 ordinato,
941 1229 1208 1276 Solidorum
1242 1231 1328 1286 vis,
1385 1246 1433 1278 et

130 1296 370 1353 tenacitas,
423 1296 551 1360 quod
584 1296 774 1354 debent,
823 1296 1052 1359 polleant.
1147 1297 1280 1343 Tum
1327 1314 1432 1345 cor·

135 1369 459 1434 porejamque
487 1370 533 1415 in
559 1369 672 1415 stata
693 1369 942 1416 altitudine
968 1369 1257 1427 confistente,
1292 1365 1461 1434 quid-⁴

138 1443 256 1508 quid
294 1444 570 1491 cellulosum
606 1443 685 1498 est,
730 1444 870 1490 latius
909 1445 1198 1507 explicatum
1245 1447 1436 1493 exinde-

144 1534 239 1583 que
266 1517 516 1581 conspicua
546 1515 812 1579 juventutis
838 1516 1004 1573 forma,
1050 1530 1094 1562 et
1131 1517 1350 1574 roscidus,
1393 1533 1441 1567 et

129 1591 385 1655 'rotundior
433 1591 695 1654 adspectUS.
766 1593 996 1639 Praeterea
1034 1591 1224 1639 animali
1259 1595 1441 1656 glutine

141 1666 352 1713 debitam
368 1665 564 1729 jamque
582 1663 906 1721 viscofitatem‚
935 1666 1052 1711 inter
1069 1666 1300 1727 puerilem
1317 1669 1441 1715 mol-

144 1740 313 1797 litiem,
355 1752 402 1784 et
426 1738 615 1784 senilem
656 1738 913 1786 siccitatem
959 1738 1173 1801 indept0‚
1214 1741 1445 1804 exquisito

146 1812 205 1858 ad
252 1811 413 1863 omnia
466 1809 591 1858 sensu
651 1810 837 1858 animus
891 1825 1204 1874 comparatur,
1246 1814 1446 1877 plusque

146 1901 292 1951 quam
318 1884 364 1930 in
389 1883 594 1929 Pueritia
624 1883 707 1928 fibi
733 1883 958 1939 constans,
995 1885 1054 1930 ad
1078 1898 1306 1932 maturam
1341 1883 1472 1950 jam*

147 1958 365 2024 proxime
394 1956 578 2003 accedit
603 1956 826 2021 propositi
844 1957 1163 2012 tenacitatem,
1190 1975 1297 2020 quae
1314 1976 1447 2007 max-

150 2031 246 2078 ime
272 2030 472 2077 hominis
498 2029 578 2086 est,
621 2045 730 2076 cum
756 2029 964 2092 primurn
1005 2030 1046 2077 ei
1072 2030 1131 2076 ad
1157 2031 1449 2081 Virilitatem

155 2119 350 2153 ventum
383 2104 461 2151 est.

230 2270 309 2316 30.
348 2256 457 2315 Jam
503 2253 629 2300 enim
670 2253 874 2312 virilem,
924 2253 983 2300 fic
1024 2254 1218 2316 dietam,
1264 2269 1455 2306 aetatem

163 2329 359 2392 ingresso
397 2329 602 2384 homine,
646 2344 876 2375 venarum
916 2329 1098 2376 lumina
1134 2331 1363 2393 ampliari,
1409 2345 1457 2379 et

163 2402 379 2449 arteriosa
412 2403 644 2466 angustari
671 2403 833 2451 sensim
861 2419 1084 2468 pergunt,
1127 2405 1457 2472 incipiuntque

163 2489 277 2521 tunc
303 2475 510 2537 primum
536 2492 643 2522 vera
667 2476 816 2524 senilis
849 2478 1013 2525 mortis
1038 2478 1285 2526 elementa.
1356 2483 1457 2529 La-

166 2565 320 2597 terum
346 2551 555 2597 similiter
581 2552 627 2597 in
651 2569 816 2599 eorum
855 2553 1082 2600 alterutris
1115 2554 1358 2604 densitates
1399 2557 1461 2603 ab

170 2640 225 2670 eo
271 2624 600 2671 intercurrente
645 2625 795 2672 aetatis
843 2625 993 2674 stadio
1039 2639 1279 2675 mutantur
1301 2646 1312 2674 ε
1366 2627 1461 2676 fere

168 2697 293 2744 enim
311 2697 368 2745 ad
396 2697 642 2746 Virilitatis
668 2699 871 2757 exordia,
896 2699 1106 2751 densiora
1129 2716 1356 2750 venarum
1389 2703 1462 2749 la-

1371 2789 1465 2827 tera.
