1871 3211
407 210 1117 265 SANORUM.
1338 222 1391 272 ις

513 437 555 484 C
625 437 674 482 A
742 434 799 481 P.
938 429 1006 478 11.

143 578 217 634 De
238 585 396 642 Statis,
427 581 737 647 plerarumque
767 580 1051 627 Secretionum
1077 575 1371 638 Temporibus.

118 734 162 767 ι.
281 714 846 767 ECRETIONUM
872 725 918 760 et
940 710 1281 766 excretionum‚
1305 721 1414 771 quae

307 792 355 840 in
398 792 542 839 variis
583 791 804 837 humanae
848 787 1080 835 machinae
1118 783 1237 832 locis
1279 782 1413 830 aliter

115 878 257 929 atque
280 868 415 915 aliter
439 868 576 923 fiunt,
618 863 845 929 praefinita
873 862 976 909 sunt
1005 874 1249 925 tempora:
1287 870 1412 905 tam-

118 939 201 986 diu
224 941 403 988 etenim
427 958 454 988 a
476 940 708 1004 deglutito
740 937 869 994 cibo,
912 936 1112 1000 digestio
1145 933 1413 988 absolvitur,

115 1012 265 1061 chilus
290 1014 581 1075 efformatur‚
618 1012 748 1076 isque
774 1012 818 1058 in
845 1010 1116 1075 sanguinem
1145 1007 1320 1064 transm
1368 1019 1417 1053 et

118 1086 277 1134 evadit
308 1088 429 1150 ipse:
477 1101 581 1135 tum
618 1102 731 1133 vero
770 1085 1067 1141 excernendi‚
1124 1080 1416 1130 secernendi-

124 1173 218 1222 que
260 1174 286 1204 a
323 1158 548 1221 sanguine
580 1158 804 1205 humores
827 1155 942 1203 stato
974 1155 1077 1220 post
1105 1167 1313 1217 ternpore
1335 1168 1420 1215 pa-

121 1244 296 1287 rantur,
338 1233 639 1294 reficiturque
677 1231 744 1286 id,
776 1230 906 1292 quod
928 1231 992 1276 est
1020 1231 1068 1276 in
1104 1228 1295 1275 animali
1336 1227 1420 1274 de-

124 1302 379 1369 perditum.

193 1458 240 1488 2.
281 1441 391 1502 Jam
432 1454 546 1487 vero
570 1436 709 1486 famis
735 1435 886 1485 sensus
928 1436 977 1483 in
1014 1435 1150 1483 statas
1184 1433 1426 1498 saepiffime

141 1506 235 1555 diei
271 1507 405 1554 horas
442 1520 500 1553 ex
535 1504 869 1553 consuetudine
894 1504 1035 1561 cadit,
1077 1517 1163 1550 nec
1200 1501 1282 1549 nifi
1310 1516 1425 1548 con-

128 1578 258 1628 sueto
311 1593 527 1642 tempore
573 1579 744 1626 mensae
786 1578 1086 1642 indulgemus
1113 1595 1126 1624 ι
1196 1575 1429 1640 liquidem

127 1665 262 1701 extra
286 1652 405 1700 illud
430 1653 579 1700 multa
599 1653 882 1717 plerumque
912 1668 996 1700 nos
1020 1651 1194 1716 premit
1213 1650 1429 1697 ciborum

130 1724 473 1773 intollerantia:
513 1726 642 1790 quod
664 1727 718 1773 fit
744 1725 950 1773 maxime
974 1724 1243 1773 consistente
1274 1736 1427 1771 aetate.

133 1799 391 1864 Saepiffime
414 1799 558 1847 etiam
581 1799 893 1865 praeterlapsa,
914 1817 1007 1864 qua
1029 1816 1087 1847 ex
1102 1799 1309 1847 instituto
1329 1796 1431 1846 ves-

134 1874 302 1933 cimur,
341 1875 454 1923 hora
470 1875 669 1939 jamque
688 1876 974 1932 stomachus,
1016 1890 1122 1922 ante
1141 1875 1335 1937 quidem
1361 1873 1432 1920 fa-

134 1946 354 2007 melicus,
402 1947 559 1997 denuo
599 1949 711 1996 licet
744 1949 1018 2013 impransus,
1061 1946 1321 1996 satietatem
1363 1947 1434 1994 in-

138 2021 257 2070 duit.

207 2182 254 2228 3.
299 2167 548 2231 Propterea
567 2169 633 2216 nil
657 2169 847 2227 mirum,
883 2171 916 2218 s1
941 2169 1058 2217 stato
1084 2182 1298 2234 tempore
1321 2170 1439 2234 pasti

146 2234 377 2291 homines,
419 2233 534 2282 stato
573 2236 784 2283 similiter
810 2237 1019 2300 proxime
1057 2250 1271 2301 tempore
1308 2238 1440 2286 cibos

142 2309 381 2373 digerant:
431 2308 576 2373 iisque
593 2311 829 2360 deiciendi
852 2326 1068 2373 conatus,
1090 2313 1321 2361 confimili
1338 2314 1442 2377 post

143 2382 356 2431 mensura
373 2398 679 2435 revertantur.
702 2387 822 2434 Sunt
838 2387 1034 2435 omnino
1045 2387 1127 2451 qui
1144 2388 1445 2436 remotiffima

147 2473 171 2503 a
191 2455 441 2504 nutritione
465 2457 576 2506 hora
598 2472 810 2506 ventrem
841 2473 1048 2525 egerant,
1091 2460 1138 2508 in
1170 2477 1371 2525 eamque
1387 2476 1442 2510 ut

146 2529 360 2592 primurn
384 2527 663 2588 inciderunt,
711 2533 875 2581 multis
905 2533 1006 2598 post
1029 2533 1171 2581 etiam
1202 2533 1370 2584 diebus
1394 2534 1444 2583 in

148 2601 350 2651 eandem
375 2602 635 2663 constanter
657 2605 824 2655 horam
847 2621 1061 2657 ventrem
1084 2606 1314 2658 deiciunt.

1222 2720 1278 2763 ,4.
1306 2699 1484 2763 Certe]
