1871 3211
435 264 528 310 134
661 247 772 295 DE
817 247 1000 298 VIT.
1061 247 1446 322 PUERIOD.

433 381 481 428 so
505 381 752 429 Mentzius
779 382 1118 429 confirmavisse
1142 383 1223 442 ait,
1251 398 1362 429 cum
1394 380 1576 429 insolita
1598 380 1712 428 viri-

430 473 513 504 um
554 457 822 506 infirmitate
858 471 1114 521 correptus,
1161 457 1493 506 medicamenti
1527 459 1713 521 pericu-

429 533 546 590 lum,
581 533 628 580 in
674 533 816 581 semet
853 534 949 597 ipso
985 534 1175 581 fecisset.
1245 532 1420 579 Talem
1462 546 1616 580 autern
1653 531 1713 579 ab

429 605 525 670 ejus
562 607 660 664 usu,
721 608 925 673 corporis
983 608 1180 655 univerfi
1237 607 1493 672 agilitatem
1548 623 1712 670 exper—

429 693 505 729 tus
547 682 626 738 est,
662 695 715 728 ut
754 682 880 746 quali
926 683 976 729 de
1018 699 1124 729 novo
1169 692 1298 730 natus
1346 681 1531 727 sibimet
1578 680 1712 727 vide·
1776 688 1782 698 ”

426 771 569 803 retur.
614 757 739 804 Cum
778 758 1006 813 saccharo,
1048 770 1095 803 et
1131 758 1398 820 camphora,
1429 769 1484 801 ret
1530 772 1712 803 aroma·-

427 830 522 878 tico
548 832 714 895 quovis
739 831 974 888 vehiculo,
1012 832 1282 888 commode,
1315 844 1362 876 et
1386 831 1561 877 utiliter
1596 847 1710 877 con-

420 902 668 966 jungitur:
717 903 860 949 alkali
899 905 1038 949 etiam
1085 902 1274 947 volatile
1316 917 1427 947 cum
1461 920 1515 949 eo
1540 904 1710 950 admis-

431 989 536 1022 cent
561 977 740 1040 aliqui:
791 974 866 1021 alii
913 974 959 1021 in
999 974 1185 1037 pillulas
1218 973 1519 1022 efformatum
1563 975 1712 1022 solum

426 1049 662 1096 exhibent.
732 1047 957 1105 Dubiam,
1008 1046 1326 1101 nihilominus,
1358 1045 1457 1108 ejus
1481 1047 1526 1095 in
1548 1048 1709 1096 Medi-

427 1123 530 1169 cina
553 1124 696 1170 fidem
733 1124 885 1186 plures
919 1123 1068 1169 adhuc
1102 1122 1332 1186 judicant,
1373 1139 1591 1187 eumque,
1629 1124 1710 1188 qui

424 1199 552 1244 'Vitae
573 1198 867 1261 Phosphorus
886 1195 1414 1259 nonnullorumjudicio
1436 1200 1470 1224 ²⁵
1495 1200 1710 1247 nomina-

424 1286 513 1330 tur,
537 1272 698 1319 mortis
719 1271 889 1328 facem,
914 1271 1091 1318 inverso
1104 1271 1307 1328 nomine,
1335 1272 1488 1321 dicere
1509 1264 1704 1321 malunt.

493 1437 569 1485 55.
623 1420 862 1467 Consentit
901 1436 1010 1467 cum
1057 1421 1204 1468 Lucis
1241 1433 1286 1468 et
1327 1421 1582 1485 Phosphori
1627 1423 1707 1470 usu

422 1493 732 1550 Electricitas,
776 1493 904 1556 cujus
943 1494 1228 1556 exagitatam
1268 1494 1347 1539 diu
1389 1495 1435 1541 in
1459 1509 1707 1560 utramque

422 1584 619 1632 partem,
667 1568 899 1614 medicam
946 1568 1238 1630 potestatem,
1288 1568 1490 1630 plurima
1526 1571 1706 1633 experi-

422 1655 687 1689 mentorum
735 1642 995 1703 sagacitate,
1051 1654 1098 1687 et
1137 1641 1346 1687 ubertate
1391 1657 1539 1704 nuper
1586 1643 1705 1689 inter

423 1731 613 1764 caeteros
646 1716 839 1763 restituit
865 1717 977 1762 Tib.
1004 1716 1214 1771 Cavallo,
1240 1715 1320 1778 qui
1345 1731 1450 1761 eam
1470 1715 1558 1764 suis
1582 1733 1703 1780 quo-

420 1810 510 1857 que
537 1791 750 1840 industrie
789 1791 1017 1836 limitibus
1055 1790 1272 1836 coercuit.
1344 1790 1418 1836 Sic
1456 1790 1705 1839 imbecillae

420 1867 540 1912 cutis
581 1863 901 1917 incommoda,
949 1863 1288 1918 exanthemata,
1337 1863 1564 1925 herpetes,
1606 1881 1704 1912 ma-

419 1942 554 1996 eulae,
599 1940 770 2002 quibus
796 1938 1002 1984 similiter
1025 1937 1180 1982 lucem
1208 1937 1436 1984 beneficio
1468 1939 1556 1985 effe
1578 1939 1703 1987 dixi-

419 2032 539 2071 mus,
558 2014 815 2076 plurimum
840 2009 1106 2073 interpofita
1121 2010 1420 2058 electricitate
1430 2014 1702 2074 proficiunt.

418 2089 638 2135 Fluentes
663 2086 869 2132 similiter
894 2101 1003 2131 cum
1027 2083 1302 2129 difficultate
1326 2085 1501 2131 menses
1527 2102 1700 2150 oppor-

418 2177 529 2209 tune
553 2174 740 2208 movet:
779 2173 875 2206 tam
900 2174 1010 2204 vero
1043 2157 1253 2204 adversus
1288 2159 1527 2223 utriusque
1569 2161 1698 2210 sexus

416 2237 717 2289 sterilitatem,
757 2251 782 2280 a
807 2233 1002 2296 spasmo,
1040 2246 1085 2279 et
1120 2232 1338 2279 strictiore
1370 2235 1573 2298 corporis
1616 2237 1699 2282 ha-

419 2310 520 2356 bitu
566 2308 779 2371 prodest:
823 2306 1041 2371 profuiffe
1079 2305 1220 2352 etiarn
1268 2307 1438 2354 dicitur
1484 2308 1530 2354 in
1578 2310 1696 2367 viro,

465 2508 500 2531 ²⁵
530 2506 631 2542 lntei
652 2517 742 2543 eaete
751 2519 819 2552 ros,
841 2505 957 2543 dubia
971 2514 1102 2542 contra
1116 2505 1321 2555 Phosphori
1339 2506 1469 2544 usum
1459 2521 1499 2545 in
1513 2507 1704 2575 Epilep'fia

412 2569 492 2616 (a
473 2578 577 2602 o.ran
598 2564 609 2601 i
630 2565 675 2601 ad
695 2564 778 2615 iii)
771 2564 1067 2603 inconvenienti
1086 2564 1266 2603 vehiculo
1279 2567 1457 2616 solutum,
1486 2568 1701 2619 nuperrimo

408 2623 668 2663 σλκὶῖεινὶῑΙΙΙ.
691 2623 1143 2674 Qarin.Amm.Pta1..7

1583 2694 1692 2747 alias
