1871 3211
495 304 557 361 34
739 302 1546 354 DEVIT.PER10D.

491 430 765 497 'distinguere
798 447 997 498 oportet,
1041 452 1096 483 ne
1122 453 1227 500 quae
1252 438 1585 485 nonnullorum
1617 436 1778 501 pot-ius

491 507 740 554 hominum
782 508 901 566 sunt,
940 527 993 556 ea
1027 511 1275 558 univerfim
1317 511 1439 558 mala
1463 511 1662 575 propriis
1701 527 1778 557 ur-

479 579 627 627 bium
666 581 878 629 institutis
913 597 1185 630 vertantur:
1228 584 1582 647 videndumque
1621 583 1780 647 potius

491 652 572 708 est,
606 669 661 699 ne
699 671 805 718 quae
843 656 958 703 vitia
994 656 1193 703 totidem
1227 670 1273 703 et
1309 657 1468 720 culpas
1506 657 1553 703 in
1578 656 1777 703 urbanas

490 724 726 773 societates
773 728 963 791 plurimi
1012 730 1277 785 conferunt,
1318 729 1455 776 satius
1503 729 1556 775 fit
1601 728 1779 774 multo-

488 811 595 843 rum
621 798 891 861 infipientiae
915 815 1124 856 vertere,
1163 802 1246 865 qui
1276 815 1402 848 certe
1428 818 1520 847 non
1556 801 1779 847 haberent

457 864 462 870 ’
489 871 621 933 quod
646 873 926 920 Societatem
954 875 1229 930 incusarent,
1272 875 1302 920 fi
1339 890 1446 938 quae
1469 876 1648 922 urbano
1671 867 1780 937 dig-

489 942 681 990 niffimae
718 945 819 992 sunt
853 947 1059 1003 homine,
1097 948 1207 993 vitae
1232 947 1582 995 consuetudines
1615 951 1778 1012 seque-

486 1029 662 1072 rentur,
710 1036 794 1064 nec
841 1020 1079 1082 propriam
1126 1030 1313 1066 morum
1362 1019 1678 1079 vitiositatem,
1729 1025 1776 1071 in

486 1087 636 1135 aliena
660 1091 785 1154 quasi
805 1105 850 1138 et
868 1093 1108 1139 communi
1127 1093 1408 1139 abscondere
1433 1092 1486 1139 iis
1506 1110 1623 1157 opus
1648 1097 1772 1145 effet.

487 1161 677 1208 Multos
701 1164 909 1227 profesto
930 1182 1013 1228 pro
1032 1179 1165 1212 aetate
1186 1166 1263 1212 sua
1283 1165 1441 1212 beatos
1462 1166 1604 1224 seneS,
1623 1168 1667 1214 in
1686 1187 1775 1234 po-

486 1233 777 1295 pulofiffimis
804 1239 1005 1301 Europae
1029 1239 1221 1285 urbibus
1244 1237 1473 1294 vidimus,
1498 1239 1667 1304 eosque
1689 1259 1776 1291 nec

485 1312 737 1361 minimum
785 1318 975 1380 quidem
1014 1319 1238 1365 urbanam
1277 1318 1423 1364 vitam
1464 1317 1774 1383 increpantes,

486 1382 631 1447 cujus
660 1402 820 1436 contra
861 1391 1129 1447 moderatis,
1171 1405 1216 1438 et
1260 1391 1436 1438 liberali
1478 1393 1577 1439 viro
1617 1394 1772 1456 dignis

483 1459 837 1511 obleoftamentis
874 1464 1201 1521 seliciffimum,
1246 1466 1405 1527 quoad
1441 1465 1644 1515 hominis
1683 1470 1773 1516 effe

483 1534 650 1594 potest,
677 1552 831 1584 aevum
853 1548 1114 1600 exegerant.
1188 1538 1326 1585 Adde
1345 1551 1390 1584 et
1406 1537 1628 1587 dirissima
1654 1542 1771 1597 inter

484 1604 719 1653 Silvestres
761 1610 1116 1673 Epidemiarum
1162 1626 1346 1672 genera,
1387 1611 1642 1658 maximam
1688 1628 1769 1660 eo-

469 1695 588 1726 ·rum
629 1695 808 1744 partem
845 1702 940 1732 uno
965 1685 1057 1731 fere
1097 1685 1188 1733 nstu
1231 1682 1495 1742 confodere,
1531 1685 1660 1750 quod
1684 1686 1770 1734 fla-

479 1753 648 1814 gitium
695 1759 865 1804 exculti
915 1759 1087 1805 artibus
1134 1770 1180 1804 et
1230 1756 1428 1805 scientiis
1477 1775 1502 1804 a
1566 1757 1768 1807 civitati-

482 1826 570 1871 bus
604 1827 931 1886 summovent3
966 1845 1017 1877 ut
1041 1844 1311 1894 praetei·eam
1338 1832 1379 1877 in
1407 1832 1636 1878 crebriore
1661 1833 1769 1895 qui-

481 1898 589 1945 dem
617 1902 925 1950 Urbanorum
970 1903 1303 1958 invaletudine,
1339 1918 1417 1949 eos
1452 1916 1608 1950 tamen
1643 1905 1767 1966 peri-

481 1975 647 2022 culofis
673 1977 826 2024 minus
852 1979 1027 2025 morbis
1051 1978 1298 2024 universim
1325 1977 1573 2041 implicari,
1605 1993 1768 2027 contra

476 2066 620 2112 quam
644 2053 880 2113 Agrestes‚
917 2053 1015 2116 qui,
1054 2069 1110 2099 eo
1148 2051 1244 2115 ipso
1277 2054 1406 2114 quod
1429 2052 1572 2099 rarius
1609 2070 1764 2116 aegro-

470 2135 594 2179 tent,
620 2125 853 2173 difficilius
888 2127 1097 2172 similiter
1130 2139 1373 2188 aegrotant.
1446 2126 1584 2172 Certe
1621 2128 1762 2190 quid·

476 2199 592 2260 quid
648 2201 825 2248 roboris
879 2201 1189 2248 Urbanorum
1229 2199 1495 2262 corporibus
1541 2201 1761 2260 demitur,

472 2274 767 2320 tantumdem
808 2275 914 2338 plus
960 2274 1129 2321 virtute
1161 2289 1322 2319 eorum
1358 2273 1503 2321 animi
1537 2275 1760 2338 vigoran-

471 2354 578 2397 tur;
638 2360 690 2392 ut
734 2360 996 2410 propterea,
1040 2346 1307 2402 scientibus,
1357 2346 1525 2410 suaque
1572 2349 1760 2396 scientia

471 2419 732 2479 utentibus,
764 2423 953 2468 urbium
979 2433 1025 2467 et
1051 2432 1324 2467 caeterorum
1349 2421 1592 2469 hominum
1624 2439 1758 2470 com-

473 2492 693 2549 munitas,
727 2495 787 2541 nil
815 2496 895 2542 nisi
919 2495 1213 2551 securiorem,
1247 2497 1621 2560 amplioremque
1648 2513 1758 2546 cum

470 2566 691 2627 politiore
716 2568 826 2623 vita,
854 2570 1027 2615 tribuat
1051 2567 1238 2614 vivendi
1267 2567 1623 2628 iucunditatem.
1675 2570 1754 2616 In·

468 2637 713 2700 sipientum
761 2656 873 2687 vero
914 2641 1147 2688 luftuosus
1184 2643 1353 2704 pariter
1407 2644 1580 2706 ubique
1631 2643 1754 2700 finis,

469 2710 632 2759 eadem
677 2712 854 2776 ubique
899 2713 1036 2761 tristis
1080 2714 1191 2762 vita:
1231 2714 1501 2771 mobilitas3
1563 2716 1753 2763 eadem-

1661 2803 1754 2851 que
