1923 3294
417 247 1147 301 LECTORI.
1374 259 1411 291 υ

123 383 266 432 verba
281 394 327 430 et
346 396 634 440 contextum,
655 381 900 446 plusquam
920 398 1006 437 res,
1032 380 1112 444 qui
1135 379 1286 442 postea
1304 382 1412 444 plus

125 458 360 517 viderunt,
380 458 734 514 damnavissent,
754 474 858 521 quae
884 455 1057 519 partim
1082 453 1149 499 his
1170 454 1411 516 repudiata

122 529 319 588 fuerant,
340 548 394 579 ea
410 544 685 578 caeterorum
705 531 998 594 Scriptorum
1014 528 1204 590 vulgus,
1227 539 1411 589 partem

122 604 381 668 repudiavit
406 605 454 652 in
478 621 686 656 omnem.

190 751 279 800 VI.
317 753 648 801 Lamentabile
673 752 882 817 profe&o
907 752 986 809 est,
1009 751 1054 798 in
1079 764 1204 798 tanta
1229 750 1417 813 lingua·

125 844 230 874 rum
255 829 491 886 varietate,
523 829 693 893 quibus
719 845 828 875 cum
853 826 1095 875 Naturalis
1120 824 1418 886 Philosophia

125 898 314 947 exculta
333 903 411 959 est,
447 921 530 951 nos
554 903 756 966 persaepe
790 902 1110 966 appositorum
1134 899 1286 945 adhuc
1311 913 1418 944 ver-

126 973 299 1021 borum
326 978 545 1039 egestate,
589 991 635 1024 et
677 978 888 1040 angustia
913 977 1081 1041 premi,
1113 988 1173 1020 -ut
1214 988 1320 1036 quae
1348 985 1419 1017 ta-

123 1046 272 1102 metfi,
315 1051 471 1111 quoad
510 1051 683 1114 aliqua,
725 1051 1000 1107 confimilia,
1042 1049 1221 1113 aliquid
1262 1061 1437 1112 tamen·

126 1118 424 1183 adhuc-inter
442 1124 483 1170 se
499 1125 681 1181 distare,
698 1139 872 1182 mente,
893 1139 939 1171 et
959 1123 1287 1188 experimentis
1308 1137 1422 1166 con-

126 1192 343 1254 cipimus,
392 1196 471 1241 vix
508 1211 663 1243 tamen
688 1211 797 1259 apto
824 1200 881 1243 ad
906 1198 972 1252 id,
1000 1210 1046 1241 et
1068 1197 1295 1241 tutiffimo
1318 1209 1423 1239 ver·

128 1264 296 1312 borum
322 1265 401 1312 usu
424 1270 600 1315 caeteris
622 1271 898 1332 significare,
939 1269 1151 1332 poffibile
1178 1268 1246 1314 sit,
1296 1257 1450 1312 Cum⁴

129 1342 304 1388 etenim
325 1343 528 1390 Scientia
551 1346 765 1401 Naturae,
793 1361 885 1391 non
911 1343 1257 1406 Principiorum
1283 1342 1424 1388 uber-

131 1427 240 1472 tate,
280 1416 355 1463 sed
398 1434 558 1465 eorum
601 1419 999 1484 proportionibus,
1035 1433 1233 1480 quarum
1275 1415 1426 1471 series,

131 1488 328 1536 minima
347 1492 585 1550 varietate,
607 1493 690 1540 fibi
711 1507 940 1556 perpetuo
963 1491 1190 1554 contigua
1216 1491 1261 1537 in
1291 1490 1426 1536 inde-

135 1563 321 1611 finitum
363 1568 583 1625 excurrit,
621 1568 772 1615 omnis
814 1568 1006 1622 constet,
1046 1566 1231 1612 nullum
1271 1564 1427 1611 adhuc

135 1651 314 1685 certum
339 1639 565 1703 ejusmodi
592 1643 770 1691 idioma
797 1643 1041 1690 inventum
1067 1640 1147 1697 est,
1186 1656 1337 1704 neque
1363 1639 1428 1685 est

135 1712 413 1775 sperandum
445 1717 572 1779 poffe
598 1733 682 1763 nos
719 1733 776 1763 eo
816 1717 874 1762 ad
901 1716 947 1762 id
972 1716 1226 1762 verborum
1258 1728 1429 1775 genere

136 1784 227 1842 uti,
252 1786 424 1849 quibus
451 1789 678 1837 incuriosa
702 1805 816 1852 gens
851 1790 1046 1853 reliqua,
1090 1788 1262 1834 incerta
1286 1786 1429 1849 figni-

137 1861 371 1918 ficatione‚
416 1876 463 1911 et
502 1864 619 1928 saepe
648 1865 785 1928 juxta
822 1878 997 1921 aetates,
1022 1863 1267 1925 variosque
1302 1862 1431 1926 apud

139 1938 290 1984 varias
306 1939 483 1986 Gentes
501 1939 750 1986 locutionis
767 1956 940 1995 mores,
975 1938 1279 1992 variantibus,
1307 1937 1427 1983 laxi-

140 2027 222 2057 ore
243 2012 452 2060 sermone
475 2015 636 2062 utitur.
692 2014 769 2061 Sic
790 2015 1008 2078 Agentis,
1035 2028 1081 2060 et
1096 2013 1314 2059 Aetionis
1341 2028 1429 2058 no-

147 2084 275 2131 mina
294 2087 412 2149 saepe
437 2087 742 2135 indistinetim
760 2087 985 2144 feruntur,
1013 2087 1249 2134 notiffimo
1276 2085 1321 2131 in
1347 2088 1429 2132 Ca-

143 2159 232 2205 lore
257 2160 443 2223 aliisque
470 2161 724 2209 confimilis
765 2163 923 2209 census
948 2161 1166 2215 vocibus,
1193 2162 1425 2222 exemplo.

146 2236 322 2296 Qare,
343 2252 452 2282 cum
489 2236 737 2300 plusquam
763 2238 981 2293 creditur,
1023 2236 1230 2284 maxima
1248 2236 1432 2281 Αυὲὶο-

147 2324 254 2355 rum
278 2325 383 2371 pars
410 2311 457 2356 in
480 2326 645 2366 unum,
685 2310 904 2373 idemque
942 2309 1185 2357 scribendo
1210 2308 1434 2354 collinea-

148 2381 286 2440 verit,
311 2383 583 2430 earumdem
603 2400 759 2430 rerum
778 2384 960 2430 interno
984 2383 1155 2429 eodem
1171 2382 1217 2428 in
1240 2382 1293 2428 iis
1310 2380 1435 2428 sensu

152 2469 358 2515 extante,
383 2457 661 2504 diffimiliter
693 2471 849 2504 tamen
869 2458 986 2504 adeo
1005 2457 1195 2519 singulis
1214 2455 1438 2518 scriptum

152 2531 229 2586 est,
260 2545 312 2578 ut
336 2533 460 2593 inde,
503 2547 590 2590 tot,
617 2547 736 2597 quot
760 2534 930 2596 capita,
957 2534 1208 2588 sententiae,
1243 2531 1437 2593 evulga-

152 2626 255 2659 tum
276 2612 427 2672 fuerit,
454 2631 564 2663 meo
585 2613 780 2678 quidem
791 2613 993 2678 judicio,
1033 2629 1123 2660 non
1142 2611 1247 2659 satis
1273 2625 1439 2657 verum

151 2688 386 2752 adagium.

174 2782 175 2785 =
719 2770 746 2801 a
781 2768 810 2816 3
1146 2752 1259 2799 VII.
1300 2751 1442 2800 Certe
