1871 3211
395 278 1099 329 SANORUM.
1321 298 1381 349 95

100 412 331 478 imprimis
356 412 461 459 loca
478 411 726 469 ornaverit,
744 427 938 461 omnem
966 411 1010 458 in
1030 428 1177 478 parvo
1196 430 1387 477 operam

100 486 148 534 in
173 485 464 549 procreando
497 483 684 532 homine
723 486 1021 541 contraxerit,
1061 501 1230 548 nempe
1256 490 1387 548 quod

98 573 313 614 noverca,
365 557 572 604 Catones
610 558 739 613 alibi,
798 558 863 606 ibi
911 557 1093 605 servum
1136 558 1388 606 hominum

96 651 238 699 pecus
263 636 310 683 in
335 637 493 687 lucem
525 638 792 686 emmiserit.
866 641 936 685 At
967 655 1097 696 vero,
1138 654 1246 685 cum
1282 655 1389 688 ante

95 709 254 757 omnia
300 713 468 758 mundi
508 713 631 770 loca,
669 729 780 775 quae
821 712 1040 759 calidiora
1077 713 1195 769 sunt,
1238 715 1389 778 adque

93 781 324 835 orientem
351 799 567 849 vergunt,
586 786 734 832 vitam
754 785 985 849 sumpfiffe
1004 786 1269 844 videantur,
1295 789 1387 835 his-

94 871 188 919 que
239 859 442 911 maxime
488 859 759 922 regionibus
815 859 1163 907 invidiosiffima
1215 862 1386 909 virtute

94 928 305 978 homines
330 932 547 989 vixerint,
574 950 628 980 ea
652 933 795 979 etiam
822 933 923 995 post
948 934 1140 996 longam
1165 947 1210 979 et
1234 934 1386 997 splen-

94 1002 379 1054 didiffimam
404 1007 548 1064 diem,
583 1009 770 1073 qualem
807 1009 888 1054 vix
922 1009 1061 1066 ultra,
1098 1008 1241 1055 ullam
1266 1011 1384 1073 Sep-—

92 1077 410 1126 temtrionales
450 1080 607 1127 videre
637 1080 762 1143 poffe
810 1080 1031 1127 credibile
1073 1080 1151 1136 est,
1196 1081 1386 1129 tandem

93 1150 284 1199 occasus
330 1153 533 1216 operuit.
625 1153 867 1216 Flagitiofi
926 1155 1095 1201 etenim
1143 1155 1386 1203 Homines

94 1225 270 1288 quibus
294 1226 503 1289 profecto
521 1244 614 1274 non
638 1228 792 1274 debile
819 1243 899 1275 cor
917 1227 1135 1291 pulsavit,
1171 1227 1246 1274 sed
1272 1245 1385 1276 con-

93 1310 165 1344 tra
198 1300 396 1363 pulsavit
420 1300 601 1347 fortaffe
632 1301 848 1357 nimium,
878 1302 1165 1364 reliquorum
1205 1302 1385 1349 ibidem

93 1372 389 1436 degentium,
425 1372 583 1437 etjure
625 1374 825 1420 civitatis
855 1374 1246 1430 consociatorum,
1285 1377 1384 1422 ani-

90 1462 220 1494 mam
268 1448 490 1496 dirissimo
537 1449 701 1511 legum
740 1447 941 1512 imperio
983 1448 1275 1495 evellerunt:
1311 1451 1383 1496 hi·

94 1534 188 1582 que
214 1518 262 1566 in
286 1521 471 1583 lapidea
494 1519 738 1567 simulacra
780 1519 984 1567 conversi
1015 1518 1095 1583 jus
1135 1520 1385 1568 hominum

91 1608 236 1640 omne
263 1594 526 1643 amiserunt.
600 1596 707 1642 Nec
730 1593 955 1658 profeeffi,
1004 1610 1145 1658 quam
1182 1594 1230 1641 in
1272 1596 1383 1643 cali-

95 1668 263 1716 darum
289 1671 538 1733 regionum
559 1669 723 1716 incolis
750 1671 946 1717 Naturae
979 1669 1299 1726 vitiositatem,
1337 1685 1384 1720 et

91 1735 375 1800 zelotypiam
405 1737 593 1801 plurimi
629 1737 869 1792 damnant,
905 1752 972 1782 eae
1005 1736 1121 1782 adeo
1154 1737 1383 1787 calidioris

89 1808 197 1856 sunt
231 1811 448 1868 climatis,
483 1825 536 1858 ut
560 1827 652 1858 non
690 1809 980 1873 etiam'apud
1007 1809 1196 1856 arc'ticas
1219 1825 1383 1874 gentes

91 1883 321 1932 confimili
365 1884 460 1932 fere
501 1892 544 1915 ¹²
578 1885 824 1932 obtineant
870 1885 1108 1948 exemplo.
1193 1886 1383 1949 Nempe

89 1957 220 2021 quod
253 1974 416 2006 omnes
468 1958 681 2005 homines
725 1957 933 2004 similiter
973 1959 1030 2004 ad
1066 1958 1225 2004 omnia
1266 1961 1377 2017 nati,

89 2030 357 2093 plantarum
372 2031 526 2087 instar,
551 2030 719 2079 cultori
739 2046 928 2094 pareant
949 2031 1045 2087 suo,
1060 2045 1113 2077 ut
1131 2046 1381 2096 propterea

90 2098 395 2168 barbarorum
421 2119 550 2150 more
573 2102 834 2150 institutum
871 2103 1094 2167 aliquem,
1136 2103 1217 2150 sub
1260 2118 1379 2151 tem-

89 2191 253 2240 perato
294 2190 525 2240 quantum
565 2179 634 2224 vis
674 2178 818 2236 coelo,
857 2190 1126 2240 venatuque
1161 2191 1207 2225 et
1253 2178 1379 2227 bello

90 2249 239 2297 vitam
259 2251 495 2297 traducere
517 2250 721 2305 solitum,
750 2267 858 2296 eum
884 2251 1186 2297 barbarorum
1211 2269 1379 2316 quem-

93 2325 163 2371 vis
186 2339 480 2388 aequaturum
505 2325 586 2373 vix
600 2324 798 2372 dubium
822 2324 875 2371 fit
893 2349 907 2381 ;
934 2342 980 2372 et
1004 2339 1179 2382 contra,
1202 2327 1233 2374 fi
1259 2328 1378 2392 Sep-

135 2511 169 2531 ¹²
197 2510 342 2549 Confer
360 2525 447 2563 quae
466 2511 510 2550 de
539 2510 755 2549 incredibili
785 2511 988 2562 Laponurn
1007 2511 1203 2563 zelotypia
1230 2525 1386 2563 nuperae

81 2579 217 2608 extant
232 2569 408 2616 historiae,
423 2580 467 2607 ut
485 2584 596 2609 merae
616 2572 685 2610 sint
701 2571 855 2616 fabulae,
872 2585 957 2622 quae
977 2572 1023 2609 de
1038 2572 1245 2622 spontanea
1264 2572 1389 2610 foemi-

80 2643 218 2669 narum
250 2631 403 2668 suarum
434 2630 628 2671 oblatione
646 2633 810 2672 advenas
841 2645 944 2682 erga,
978 2631 1069 2670 olim
1100 2630 1251 2681 prodita
1283 2633 1385 2670 sunt.

83 2693 174 2734 Ml.
193 2693 347 2742 Interqff.
377 2693 473 2732 Tam.
492 2692 546 2731 Π.

88 2765 90 2775 =
1025 2745 1374 2793 temtrionalem
