1923 3294
202 350 1275 415 LECT.SAL.

99 573 137 622 Ι.
319 574 502 621 UOD
549 573 678 621 suam
725 589 916 638 quoque
962 588 1085 621 error
1130 570 1387 618 utilitatem

165 573 297 728 Q
353 649 537 705 habeat,
588 665 838 712 rerumque
878 647 995 694 scitu
1037 644 1388 710 perdifficilium

96 722 408 786 investigatio,
450 725 666 788 quamvis
692 724 893 770 successu
912 737 1081 779 careat,
1118 739 1210 769 non
1228 719 1384 768 omnis

94 809 250 845 tamen
274 798 552 846 infrustuosa
577 798 647 855 fit,
682 797 910 862 quidquid
929 811 1155 861 poteram,
1195 796 1253 842 ad
1276 810 1388 841 con-

95 871 452 936 templationem
476 888 658 929 eorum,
705 889 810 936 quae
834 872 964 919 Artis
992 870 1273 919 difficillima
1296 884 1388 931 pu-

93 958 267 1008 tantur,
299 963 454 1011 neque
482 947 700 1004 animose,
744 963 896 1010 neque
938 947 1153 994 submiffe
1193 943 1388 991 contuli.

95 1022 219 1086 Qae
259 1038 378 1069 meae
418 1022 663 1086 opiniones
701 1021 819 1079 sunt,
863 1022 1073 1085 quidque
1098 1022 1154 1067 ad
1192 1019 1392 1067 aliorum

86 1095 268 1159 judicia
291 1097 572 1153 accesserim,
617 1096 888 1160 interposui,
928 1113 1019 1142 non
1045 1110 1097 1142 ut
1122 1095 1320 1159 plenius,
1345 1105 1393 1139 et

91 1169 259 1215 melius
301 1171 479 1216 caeteris
519 1171 682 1215 dixisse
715 1171 911 1224 viderer,
947 1171 1023 1214 sed
1061 1183 1112 1214 ut:
1136 1185 1189 1213 ea
1214 1167 1394 1229 fignifi-

94 1256 268 1299 carem,
318 1256 428 1303 quae
471 1255 695 1302 perpetua
743 1241 859 1287 inter
903 1240 946 1285 se
987 1241 1220 1286 Motuum
1267 1240 1394 1286 Vitae

92 1312 425 1370 communitas,
461 1328 722 1375 eorumque
763 1313 809 1358 in
855 1313 1133 1374 AEgrotante
1175 1325 1223 1357 et
1267 1313 1392 1358 Sano

93 1387 309 1435 Homine
346 1387 521 1434 vicaria
561 1386 812 1443 consensio,
850 1386 968 1432 mihi
1004 1385 1050 1432 in
1085 1384 1130 1430 id
1157 1383 1393 1442 scribenti,

93 1460 286 1525 illosque
326 1473 373 1508 et
419 1460 708 1524 singillatim,
755 1474 802 1507 et
850 1460 986 1507 fimul
1034 1460 1393 1522 contemplanti,

89 1534 245 1582 animo
273 1532 465 1597 objecit.

158 1683 230 1730 ΙΙ,
269 1681 346 1728 Sic
371 1694 529 1729 tamen
569 1679 881 1745 operosiffima
917 1680 962 1727 in
987 1697 1132 1744 parvo
1156 1680 1396 1727 contracta.

90 1755 207 1804 mihi
246 1772 316 1802 res
341 1755 420 1813 est,
457 1769 511 1802 ut
549 1757 682 1803 omni
720 1757 952 1804 Motuum
980 1756 1106 1803 Vitae
1138 1755 1396 1818 complexu

92 1831 139 1878 in
174 1829 419 1894 duplicem
466 1829 681 1894 appulsus
718 1831 932 1878 ordinem
974 1829 1192 1886 resoluto,
1225 1827 1396 1876 interni

90 1904 314 1952 videlicet
350 1904 408 1951 ad
433 1899 619 1951 externa
645 1905 874 1951 Hominis
917 1904 1038 1961 loca,
1082 1919 1128 1952 et
1154 1922 1178 1951 e
1215 1916 1394 1958 contra,

92 1995 335 2043 compares
382 1979 547 2026 exinde
585 1978 807 2043 utrinque
855 1979 1049 2026 effeetus
1090 1978 1395 2032 ostenderem,

92 2053 323 2102 consimili
350 2053 397 2100 in
424 2054 596 2101 alterna
622 2053 852 2116 ejusmodi
888 2068 1113 2100 motuum
1138 2052 1396 2100 distributi-

93 2144 200 2185 one,
238 2140 457 2175 manente
485 2127 687 2191 impetus
715 2128 841 2175 Vitae
867 2128 1064 2174 summa.

159 2275 253 2324 III.
290 2277 599 2325 Incitamenta
631 2277 872 2341 utriusque
911 2275 1108 2324 astionis
1152 2273 1282 2338 quod
1324 2285 1395 2320 at-

93 2350 228 2407 tinet,
271 2363 388 2415 puto
411 2366 464 2397 ea
489 2351 537 2397 in
562 2351 830 2398 tenuiffimo
856 2350 1056 2406 fundari,
1098 2361 1143 2395 et
1167 2363 1399 2411 perquam

91 2425 375 2489 penetrabili
399 2424 566 2482 halitu,
591 2441 735 2489 quem
773 2442 828 2472 ex
853 2424 983 2472 omni
1013 2425 1243 2471 Motuum
1269 2420 1395 2468 Vitae

92 2499 344 2562 complexu
367 2499 595 2561 genitum,
623 2501 754 2562 cogit
773 2513 906 2546 extus
934 2514 1177 2562 erumpere
1202 2495 1393 2560 propria

93 2572 312 2638 quaedam
363 2571 459 2636 ejus
502 2573 810 2622 consensionis
862 2575 932 2619 vis
978 2588 1087 2619 cum
1146 2570 1273 2618 affini
1316 2584 1397 2615 ex-

91 2661 223 2696 terno
265 2647 528 2712 Principio,
572 2647 733 2695 debito
772 2647 1088 2694 intercedente
1127 2638 1398 2693 Solidorurn

98 2723 303 2774 viventis
328 2723 553 2789 corporiS,
594 2724 640 2771 in
666 2723 712 2770 id
739 2723 936 2771 aftionis
957 2721 1192 2770 consensu.
1265 2719 1397 2765 Con-

674 2813 699 2843 ει
737 2814 763 2843 a
1191 2791 1401 2840 similiter
