<?xml version="1.0" encoding="UTF-8"?>
<!DOCTYPE html PUBLIC "-//W3C//DTD XHTML 1.0 Transitional//EN"
    "http://www.w3.org/TR/xhtml1/DTD/xhtml1-transitional.dtd">
<html xmlns="http://www.w3.org/1999/xhtml" xml:lang="en" lang="en">
 <head>
  <title>
</title>
<meta http-equiv="Content-Type" content="text/html;charset=utf-8" />
  <meta name='ocr-system' content='tesseract 3.04.00' />
  <meta name='ocr-capabilities' content='ocr_page ocr_carea ocr_par ocr_line ocrx_word'/>
</head>
<body>
  <div class='ocr_page' id='page_1' title='image "./devitalibusperio02testuoft_0038.png"; bbox 0 0 1871 3211; ppageno 0'>
   <div class='ocr_carea' id='block_1_1' title="bbox 399 273 1444 345">
    <p class='ocr_par' dir='ltr' id='par_1_1' title="bbox 399 273 1444 345">
     <span class='ocr_line' id='line_1_1' title="bbox 399 273 1444 345; baseline -0.014 -12"><span class='ocrx_word' id='word_1_1' title='bbox 399 299 462 345; x_wconf 78' lang='lat'>24</span> <span class='ocrx_word' id='word_1_2' title='bbox 629 281 749 330; x_wconf 85' lang='lat' dir='ltr'>DE</span> <span class='ocrx_word' id='word_1_3' title='bbox 804 273 1444 338; x_wconf 61' lang='lat' dir='ltr'>viT.PER10D.</span> 
     </span>
    </p>
   </div>
   <div class='ocr_carea' id='block_1_2' title="bbox 401 397 1690 912">
    <p class='ocr_par' dir='ltr' id='par_1_2' title="bbox 401 397 1690 912">
     <span class='ocr_line' id='line_1_2' title="bbox 471 397 1681 479; baseline -0.018 -13"><span class='ocrx_word' id='word_1_4' title='bbox 471 419 545 469; x_wconf 70' lang='grc' dir='ltr'>ιθ.</span> <span class='ocrx_word' id='word_1_5' title='bbox 571 416 645 464; x_wconf 82' lang='lat' dir='ltr'>Ex</span> <span class='ocrx_word' id='word_1_6' title='bbox 668 415 838 479; x_wconf 86' lang='lat' dir='ltr'>quibus</span> <span class='ocrx_word' id='word_1_7' title='bbox 858 412 906 458; x_wconf 88' lang='lat' dir='ltr'>id</span> <span class='ocrx_word' id='word_1_8' title='bbox 930 425 1076 456; x_wconf 92' lang='lat' dir='ltr'>unum</span> <span class='ocrx_word' id='word_1_9' title='bbox 1101 407 1237 457; x_wconf 86' lang='lat' dir='ltr'>facile</span> <span class='ocrx_word' id='word_1_10' title='bbox 1264 403 1492 468; x_wconf 82' lang='lat' dir='ltr'>arguitur,</span> <span class='ocrx_word' id='word_1_11' title='bbox 1516 397 1681 452; x_wconf 60' lang='lat' dir='ltr'>cuneta</span> 
     </span>
     <span class='ocr_line' id='line_1_3' title="bbox 401 469 1680 538; baseline -0.016 -2"><span class='ocrx_word' id='word_1_12' title='bbox 401 488 657 538; x_wconf 79' lang='lat' dir='ltr'>admodum</span> <span class='ocrx_word' id='word_1_13' title='bbox 684 484 925 532; x_wconf 79' lang='lat' dir='ltr'><strong>numerose</strong></span> <span class='ocrx_word' id='word_1_14' title='bbox 969 481 1015 527; x_wconf 90' lang='lat' dir='ltr'>in</span> <span class='ocrx_word' id='word_1_15' title='bbox 1051 477 1324 526; x_wconf 88' lang='lat' dir='ltr'>animalium</span> <span class='ocrx_word' id='word_1_16' title='bbox 1350 489 1542 536; x_wconf 86' lang='lat' dir='ltr'>corpore</span> <span class='ocrx_word' id='word_1_17' title='bbox 1567 469 1680 525; x_wconf 86' lang='lat' dir='ltr'>fieri,</span> 
     </span>
     <span class='ocr_line' id='line_1_4' title="bbox 401 545 1684 625; baseline -0.017 -15"><span class='ocrx_word' id='word_1_18' title='bbox 401 578 552 625; x_wconf 79' lang='lat' dir='ltr'>exque</span> <span class='ocrx_word' id='word_1_19' title='bbox 576 574 742 607; x_wconf 87' lang='lat' dir='ltr'>mutuo</span> <span class='ocrx_word' id='word_1_20' title='bbox 768 555 1054 619; x_wconf 78' lang='lat' dir='ltr'>singularum</span> <span class='ocrx_word' id='word_1_21' title='bbox 1078 551 1202 601; x_wconf 80' lang='lat' dir='ltr'>Vitae</span> <span class='ocrx_word' id='word_1_22' title='bbox 1224 548 1456 594; x_wconf 60' lang='lat' dir='ltr'>actionum</span> <span class='ocrx_word' id='word_1_23' title='bbox 1492 545 1684 591; x_wconf 88' lang='lat' dir='ltr'>consen-</span> 
     </span>
     <span class='ocr_line' id='line_1_5' title="bbox 402 616 1684 697; baseline -0.017 -15"><span class='ocrx_word' id='word_1_24' title='bbox 402 635 466 691; x_wconf 85' lang='lat' dir='ltr'>su,</span> <span class='ocrx_word' id='word_1_25' title='bbox 521 633 725 697; x_wconf 84' lang='lat' dir='ltr'>proprias</span> <span class='ocrx_word' id='word_1_26' title='bbox 770 628 960 691; x_wconf 78' lang='lat' dir='ltr'>singulis</span> <span class='ocrx_word' id='word_1_27' title='bbox 1002 623 1270 673; x_wconf 86' lang='lat' dir='ltr'>hominibus</span> <span class='ocrx_word' id='word_1_28' title='bbox 1311 616 1684 671; x_wconf 87' lang='lat' dir='ltr'>consuetudines,</span> 
     </span>
     <span class='ocr_line' id='line_1_6' title="bbox 402 690 1686 766; baseline -0.018 -10"><span class='ocrx_word' id='word_1_29' title='bbox 402 722 449 756; x_wconf 88' lang='lat' dir='ltr'>ct</span> <span class='ocrx_word' id='word_1_30' title='bbox 473 708 658 755; x_wconf 86' lang='lat' dir='ltr'>habitus</span> <span class='ocrx_word' id='word_1_31' title='bbox 680 704 828 759; x_wconf 79' lang='lat' dir='ltr'>statui,</span> <span class='ocrx_word' id='word_1_32' title='bbox 847 716 1048 766; x_wconf 90' lang='lat' dir='ltr'>quorum</span> <span class='ocrx_word' id='word_1_33' title='bbox 1074 697 1283 744; x_wconf 83' lang='lat' dir='ltr'>minimae</span> <span class='ocrx_word' id='word_1_34' title='bbox 1307 690 1562 756; x_wconf 87' lang='lat' dir='ltr'>aliquando</span> <span class='ocrx_word' id='word_1_35' title='bbox 1578 705 1686 735; x_wconf 90' lang='lat' dir='ltr'>mu-</span> 
     </span>
     <span class='ocr_line' id='line_1_7' title="bbox 403 764 1686 836; baseline -0.017 -8"><span class='ocrx_word' id='word_1_36' title='bbox 403 781 617 835; x_wconf 86' lang='lat' dir='ltr'>tationes,</span> <span class='ocrx_word' id='word_1_37' title='bbox 642 795 734 824; x_wconf 89' lang='lat' dir='ltr'>non</span> <span class='ocrx_word' id='word_1_38' title='bbox 760 777 817 823; x_wconf 86' lang='lat' dir='ltr'>ab</span> <span class='ocrx_word' id='word_1_39' title='bbox 842 772 1108 836; x_wconf 81' lang='lat' dir='ltr'>interposito</span> <span class='ocrx_word' id='word_1_40' title='bbox 1132 766 1334 817; x_wconf 85' lang='lat' dir='ltr'>hominis</span> <span class='ocrx_word' id='word_1_41' title='bbox 1361 764 1553 811; x_wconf 86' lang='lat' dir='ltr'>arbitrio</span> <span class='ocrx_word' id='word_1_42' title='bbox 1569 778 1686 826; x_wconf 88' lang='lat' dir='ltr'>pen-.-</span> 
     </span>
     <span class='ocr_line' id='line_1_8' title="bbox 405 837 1690 912; baseline -0.017 -12"><span class='ocrx_word' id='word_1_43' title='bbox 405 853 584 910; x_wconf 85' lang='lat' dir='ltr'>dentes,</span> <span class='ocrx_word' id='word_1_44' title='bbox 610 850 703 898; x_wconf 82' lang='lat' dir='ltr'>fere</span> <span class='ocrx_word' id='word_1_45' title='bbox 727 848 877 912; x_wconf 88' lang='lat' dir='ltr'>prima</span> <span class='ocrx_word' id='word_1_46' title='bbox 902 846 986 892; x_wconf 80' lang='lat' dir='ltr'>sint</span> <span class='ocrx_word' id='word_1_47' title='bbox 1023 855 1305 905; x_wconf 80' lang='lat' dir='ltr'>magnorum</span> <span class='ocrx_word' id='word_1_48' title='bbox 1331 837 1608 883; x_wconf 84' lang='lat' dir='ltr'>morborum</span> <span class='ocrx_word' id='word_1_49' title='bbox 1644 845 1690 880; x_wconf 87' lang='lat' dir='ltr'>et</span> 
     </span>
    </p>
   </div>
   <div class='ocr_carea' id='block_1_3' title="bbox 403 908 1689 1054">
    <p class='ocr_par' dir='ltr' id='par_1_3' title="bbox 403 908 1689 1054">
     <span class='ocr_line' id='line_1_9' title="bbox 405 908 1689 974; baseline -0.016 0"><span class='ocrx_word' id='word_1_50' title='bbox 405 926 610 974; x_wconf 79' lang='lat' dir='ltr'>maxime</span> <span class='ocrx_word' id='word_1_51' title='bbox 630 922 887 971; x_wconf 76' lang='lat' dir='ltr'>laethalium</span> <span class='ocrx_word' id='word_1_52' title='bbox 913 918 1118 965; x_wconf 79' lang='lat' dir='ltr'>exordia.</span> <span class='ocrx_word' id='word_1_53' title='bbox 1145 913 1460 963; x_wconf 79' lang='lat' dir='ltr'>Observatum</span> <span class='ocrx_word' id='word_1_54' title='bbox 1484 909 1545 955; x_wconf 84' lang='lat' dir='ltr'>est</span> <span class='ocrx_word' id='word_1_55' title='bbox 1564 908 1689 957; x_wconf 83' lang='lat' dir='ltr'>enim</span> 
     </span>
     <span class='ocr_line' id='line_1_10' title="bbox 403 974 1689 1054; baseline -0.016 -15"><span class='ocrx_word' id='word_1_56' title='bbox 403 992 675 1054; x_wconf 79' lang='lat' dir='ltr'>spontaneas</span> <span class='ocrx_word' id='word_1_57' title='bbox 695 986 935 1051; x_wconf 76' lang='lat' dir='ltr'>ejusmodi,</span> <span class='ocrx_word' id='word_1_58' title='bbox 955 984 1093 1031; x_wconf 84' lang='lat' dir='ltr'>inscia</span> <span class='ocrx_word' id='word_1_59' title='bbox 1108 983 1368 1033; x_wconf 80' lang='lat' dir='ltr'>voluntate,</span> <span class='ocrx_word' id='word_1_60' title='bbox 1391 974 1689 1022; x_wconf 85' lang='lat' dir='ltr'>consuetudi-</span> 
     </span>
    </p>
   </div>
   <div class='ocr_carea' id='block_1_4' title="bbox 406 1044 1744 2502">
    <p class='ocr_par' dir='ltr' id='par_1_4' title="bbox 406 1044 1744 2502">
     <span class='ocr_line' id='line_1_11' title="bbox 408 1044 1689 1113; baseline -0.015 -4"><span class='ocrx_word' id='word_1_61' title='bbox 408 1079 520 1110; x_wconf 87' lang='lat' dir='ltr'>num</span> <span class='ocrx_word' id='word_1_62' title='bbox 536 1061 859 1113; x_wconf 83' lang='lat' dir='ltr'>aberrationes,</span> <span class='ocrx_word' id='word_1_63' title='bbox 876 1055 1022 1105; x_wconf 86' lang='lat' dir='ltr'>veluti</span> <span class='ocrx_word' id='word_1_64' title='bbox 1037 1051 1241 1101; x_wconf 77' lang='lat' dir='ltr'>consueti</span> <span class='ocrx_word' id='word_1_65' title='bbox 1253 1062 1392 1108; x_wconf 86' lang='lat' dir='ltr'>potus</span> <span class='ocrx_word' id='word_1_66' title='bbox 1403 1047 1592 1109; x_wconf 89' lang='lat' dir='ltr'>cibique</span> <span class='ocrx_word' id='word_1_67' title='bbox 1603 1044 1689 1091; x_wconf 84' lang='lat' dir='ltr'>fas-</span> 
     </span>
     <span class='ocr_line' id='line_1_12' title="bbox 406 1118 1694 1191; baseline -0.012 -9"><span class='ocrx_word' id='word_1_68' title='bbox 406 1135 538 1189; x_wconf 85' lang='lat' dir='ltr'>tidia,</span> <span class='ocrx_word' id='word_1_69' title='bbox 564 1134 658 1180; x_wconf 83' lang='lat' dir='ltr'>five</span> <span class='ocrx_word' id='word_1_70' title='bbox 685 1130 802 1178; x_wconf 84' lang='lat' dir='ltr'>soliti</span> <span class='ocrx_word' id='word_1_71' title='bbox 835 1126 984 1191; x_wconf 85' lang='lat' dir='ltr'>operis</span> <span class='ocrx_word' id='word_1_72' title='bbox 1011 1124 1295 1174; x_wconf 69' lang='lat' dir='ltr'>cessationes,</span> <span class='ocrx_word' id='word_1_73' title='bbox 1324 1119 1530 1164; x_wconf 87' lang='lat' dir='ltr'>insolitos</span> <span class='ocrx_word' id='word_1_74' title='bbox 1552 1118 1694 1166; x_wconf 82' lang='lat' dir='ltr'>etiam</span> 
     </span>
     <span class='ocr_line' id='line_1_13' title="bbox 409 1189 1696 1263; baseline -0.012 -11"><span class='ocrx_word' id='word_1_75' title='bbox 409 1205 733 1258; x_wconf 82' lang='lat' dir='ltr'>animimores‚</span> <span class='ocrx_word' id='word_1_76' title='bbox 753 1216 922 1263; x_wconf 83' lang='lat' dir='ltr'>magna</span> <span class='ocrx_word' id='word_1_77' title='bbox 935 1192 1541 1261; x_wconf 83' lang='lat' dir='ltr'>saepevitaepericulaquam</span> <span class='ocrx_word' id='word_1_78' title='bbox 1553 1189 1696 1252; x_wconf 84' lang='lat' dir='ltr'>longe</span> 
     </span>
     <span class='ocr_line' id='line_1_14' title="bbox 407 1262 1696 1341; baseline -0.012 -16"><span class='ocrx_word' id='word_1_79' title='bbox 407 1279 603 1341; x_wconf 77' lang='lat' dir='ltr'>praeire3</span> <span class='ocrx_word' id='word_1_80' title='bbox 647 1273 886 1335; x_wconf 86' lang='lat' dir='ltr'>rursusque</span> <span class='ocrx_word' id='word_1_81' title='bbox 924 1268 1176 1333; x_wconf 80' lang='lat' dir='ltr'>plurimam</span> <span class='ocrx_word' id='word_1_82' title='bbox 1215 1264 1464 1329; x_wconf 87' lang='lat' dir='ltr'>desperatis</span> <span class='ocrx_word' id='word_1_83' title='bbox 1495 1262 1696 1327; x_wconf 81' lang='lat' dir='ltr'>persaepe</span> 
     </span>
     <span class='ocr_line' id='line_1_15' title="bbox 410 1338 1695 1412; baseline -0.01 -15"><span class='ocrx_word' id='word_1_84' title='bbox 410 1348 766 1412; x_wconf 77' lang='lat' dir='ltr'>aegritudinibus</span> <span class='ocrx_word' id='word_1_85' title='bbox 786 1345 911 1408; x_wconf 85' lang='lat' dir='ltr'>spem</span> <span class='ocrx_word' id='word_1_86' title='bbox 932 1344 1098 1389; x_wconf 87' lang='lat' dir='ltr'>iterum</span> <span class='ocrx_word' id='word_1_87' title='bbox 1118 1339 1359 1401; x_wconf 84' lang='lat' dir='ltr'>affulgere,</span> <span class='ocrx_word' id='word_1_88' title='bbox 1376 1350 1630 1400; x_wconf 70' lang='lat' dir='ltr'>aegrotante</span> <span class='ocrx_word' id='word_1_89' title='bbox 1646 1338 1695 1384; x_wconf 89' lang='lat' dir='ltr'>in</span> 
     </span>
     <span class='ocr_line' id='line_1_16' title="bbox 410 1412 1699 1487; baseline -0.009 -18"><span class='ocrx_word' id='word_1_90' title='bbox 410 1423 617 1487; x_wconf 80' lang='lat' dir='ltr'>pristinas</span> <span class='ocrx_word' id='word_1_91' title='bbox 664 1421 833 1467; x_wconf 86' lang='lat' dir='ltr'>iterum</span> <span class='ocrx_word' id='word_1_92' title='bbox 868 1414 1166 1463; x_wconf 82' lang='lat' dir='ltr'>habitudines</span> <span class='ocrx_word' id='word_1_93' title='bbox 1206 1424 1492 1475; x_wconf 80' lang='lat' dir='ltr'>comparate.</span> <span class='ocrx_word' id='word_1_94' title='bbox 1554 1412 1699 1474; x_wconf 85' lang='lat' dir='ltr'>Qod</span> 
     </span>
     <span class='ocr_line' id='line_1_17' title="bbox 417 1483 1700 1548; baseline -0.01 -5"><span class='ocrx_word' id='word_1_95' title='bbox 417 1493 862 1545; x_wconf 83' lang='lat' dir='ltr'>communiffimum,</span> <span class='ocrx_word' id='word_1_96' title='bbox 893 1503 938 1536; x_wconf 90' lang='lat' dir='ltr'>et</span> <span class='ocrx_word' id='word_1_97' title='bbox 962 1487 1164 1535; x_wconf 83' lang='lat' dir='ltr'>maxime</span> <span class='ocrx_word' id='word_1_98' title='bbox 1189 1487 1382 1548; x_wconf 81' lang='lat' dir='ltr'>vulgare</span> <span class='ocrx_word' id='word_1_99' title='bbox 1413 1483 1700 1531; x_wconf 89' lang='lat' dir='ltr'>observatio-</span> 
     </span>
     <span class='ocr_line' id='line_1_18' title="bbox 414 1556 1744 1628; baseline -0.014 -14"><span class='ocrx_word' id='word_1_100' title='bbox 414 1567 485 1614; x_wconf 81' lang='lat' dir='ltr'>nis</span> <span class='ocrx_word' id='word_1_101' title='bbox 511 1582 674 1628; x_wconf 84' lang='lat' dir='ltr'>genus,</span> <span class='ocrx_word' id='word_1_102' title='bbox 715 1564 1019 1611; x_wconf 82' lang='lat' dir='ltr'>Medicorum</span> <span class='ocrx_word' id='word_1_103' title='bbox 1045 1558 1200 1614; x_wconf 87' lang='lat' dir='ltr'>multi,</span> <span class='ocrx_word' id='word_1_104' title='bbox 1235 1556 1327 1603; x_wconf 87' lang='lat' dir='ltr'>fere</span> <span class='ocrx_word' id='word_1_105' title='bbox 1365 1569 1557 1620; x_wconf 86' lang='lat' dir='ltr'>propter</span> <span class='ocrx_word' id='word_1_106' title='bbox 1590 1572 1699 1618; x_wconf 63' lang='lat' dir='ltr'>pro-2</span> <span class='ocrx_word' id='word_1_107' title='bbox 1729 1584 1744 1596; x_wconf 52' lang='lat' dir='ltr'><em>s</em></span> 
     </span>
     <span class='ocr_line' id='line_1_19' title="bbox 415 1628 1701 1699; baseline -0.009 -14"><span class='ocrx_word' id='word_1_108' title='bbox 415 1640 575 1686; x_wconf 82' lang='lat' dir='ltr'>tritam</span> <span class='ocrx_word' id='word_1_109' title='bbox 600 1637 927 1699; x_wconf 75' lang='lat' dir='ltr'>vulgaritatem</span> <span class='ocrx_word' id='word_1_110' title='bbox 966 1631 1205 1695; x_wconf 86' lang='lat' dir='ltr'>rejiciunt:</span> <span class='ocrx_word' id='word_1_111' title='bbox 1258 1643 1375 1693; x_wconf 87' lang='lat' dir='ltr'>puto</span> <span class='ocrx_word' id='word_1_112' title='bbox 1399 1642 1553 1674; x_wconf 88' lang='lat' dir='ltr'>tamen</span> <span class='ocrx_word' id='word_1_113' title='bbox 1578 1628 1701 1692; x_wconf 85' lang='lat' dir='ltr'>inju-</span> 
     </span>
     <span class='ocr_line' id='line_1_20' title="bbox 416 1704 1702 1768; baseline -0.006 -12"><span class='ocrx_word' id='word_1_114' title='bbox 416 1711 511 1757; x_wconf 87' lang='lat' dir='ltr'>ria:</span> <span class='ocrx_word' id='word_1_115' title='bbox 555 1710 759 1760; x_wconf 80' lang='lat' dir='ltr'>abundat</span> <span class='ocrx_word' id='word_1_116' title='bbox 798 1708 922 1753; x_wconf 85' lang='lat' dir='ltr'>enim</span> <span class='ocrx_word' id='word_1_117' title='bbox 960 1706 1130 1768; x_wconf 81' lang='lat' dir='ltr'>vulgus</span> <span class='ocrx_word' id='word_1_118' title='bbox 1172 1704 1479 1767; x_wconf 81' lang='lat' dir='ltr'>plurimarum</span> <span class='ocrx_word' id='word_1_119' title='bbox 1521 1704 1702 1765; x_wconf 86' lang='lat' dir='ltr'>prorsus</span> 
     </span>
     <span class='ocr_line' id='line_1_21' title="bbox 419 1776 1700 1838; baseline -0.005 -10"><span class='ocrx_word' id='word_1_120' title='bbox 419 1797 574 1828; x_wconf 85' lang='lat' dir='ltr'>rerum</span> <span class='ocrx_word' id='word_1_121' title='bbox 612 1782 715 1827; x_wconf 86' lang='lat' dir='ltr'>utili</span> <span class='ocrx_word' id='word_1_122' title='bbox 758 1779 961 1833; x_wconf 73' lang='lat' dir='ltr'>scientia,</span> <span class='ocrx_word' id='word_1_123' title='bbox 1002 1777 1352 1838; x_wconf 79' lang='lat' dir='ltr'>videndumque</span> <span class='ocrx_word' id='word_1_124' title='bbox 1386 1776 1584 1822; x_wconf 85' lang='lat' dir='ltr'>Medico</span> <span class='ocrx_word' id='word_1_125' title='bbox 1619 1776 1700 1836; x_wconf 84' lang='lat' dir='ltr'>est,</span> 
     </span>
     <span class='ocr_line' id='line_1_22' title="bbox 419 1848 1702 1916; baseline -0.005 -16"><span class='ocrx_word' id='word_1_126' title='bbox 419 1855 452 1906; x_wconf 78' lang='lat' dir='ltr'>sl</span> <span class='ocrx_word' id='word_1_127' title='bbox 477 1853 718 1916; x_wconf 86' lang='lat' dir='ltr'>postquam</span> <span class='ocrx_word' id='word_1_128' title='bbox 736 1852 1100 1913; x_wconf 79' lang='lat' dir='ltr'>Hippocratem,</span> <span class='ocrx_word' id='word_1_129' title='bbox 1128 1863 1173 1895; x_wconf 84' lang='lat' dir='ltr'>et</span> <span class='ocrx_word' id='word_1_130' title='bbox 1194 1848 1563 1910; x_wconf 82' lang='lat' dir='ltr'>Sydhenamium</span> <span class='ocrx_word' id='word_1_131' title='bbox 1583 1865 1702 1911; x_wconf 86' lang='lat' dir='ltr'>prae-</span> 
     </span>
     <span class='ocr_line' id='line_1_23' title="bbox 423 1923 1705 1998; baseline -0.003 -25"><span class='ocrx_word' id='word_1_132' title='bbox 423 1941 630 1998; x_wconf 77' lang='lat' dir='ltr'>ceptores</span> <span class='ocrx_word' id='word_1_133' title='bbox 650 1925 929 1979; x_wconf 83' lang='lat' dir='ltr'>adhibuerit,</span> <span class='ocrx_word' id='word_1_134' title='bbox 951 1923 1125 1986; x_wconf 76' lang='lat' dir='ltr'>aliquid</span> <span class='ocrx_word' id='word_1_135' title='bbox 1154 1923 1323 1977; x_wconf 84' lang='lat' dir='ltr'>adhue,</span> <span class='ocrx_word' id='word_1_136' title='bbox 1350 1938 1499 1984; x_wconf 86' lang='lat' dir='ltr'>neque</span> <span class='ocrx_word' id='word_1_137' title='bbox 1520 1939 1705 1984; x_wconf 88' lang='lat' dir='ltr'>parum,</span> 
     </span>
     <span class='ocr_line' id='line_1_24' title="bbox 421 1995 1705 2063; baseline -0.005 -15"><span class='ocrx_word' id='word_1_138' title='bbox 421 2003 595 2063; x_wconf 79' lang='lat' dir='ltr'>vulgus</span> <span class='ocrx_word' id='word_1_139' title='bbox 634 1998 955 2047; x_wconf 83' lang='lat' dir='ltr'>admonitione</span> <span class='ocrx_word' id='word_1_140' title='bbox 997 2011 1043 2043; x_wconf 86' lang='lat' dir='ltr'>ct</span> <span class='ocrx_word' id='word_1_141' title='bbox 1068 1996 1259 2043; x_wconf 81' lang='lat' dir='ltr'>consilio</span> <span class='ocrx_word' id='word_1_142' title='bbox 1285 1995 1511 2058; x_wconf 84' lang='lat' dir='ltr'>proficiat.</span> <span class='ocrx_word' id='word_1_143' title='bbox 1580 1998 1705 2051; x_wconf 85' lang='lat' dir='ltr'>Om-</span> 
     </span>
     <span class='ocr_line' id='line_1_25' title="bbox 425 2056 1708 2137; baseline -0.003 -15"><span class='ocrx_word' id='word_1_144' title='bbox 425 2076 495 2123; x_wconf 85' lang='lat' dir='ltr'>nis</span> <span class='ocrx_word' id='word_1_145' title='bbox 534 2073 739 2137; x_wconf 64' lang='lat' dir='ltr'>profecto</span> <span class='ocrx_word' id='word_1_146' title='bbox 777 2073 928 2135; x_wconf 80' lang='lat' dir='ltr'>gravis</span> <span class='ocrx_word' id='word_1_147' title='bbox 974 2071 1157 2116; x_wconf 86' lang='lat' dir='ltr'>illarum</span> <span class='ocrx_word' id='word_1_148' title='bbox 1193 2069 1409 2126; x_wconf 89' lang='lat' dir='ltr'>mutati0‚</span> <span class='ocrx_word' id='word_1_149' title='bbox 1448 2056 1600 2116; x_wconf 87' lang='lat' dir='ltr'>morbi</span> <span class='ocrx_word' id='word_1_150' title='bbox 1642 2071 1708 2118; x_wconf 86' lang='lat' dir='ltr'>est</span> 
     </span>
     <span class='ocr_line' id='line_1_26' title="bbox 426 2143 1708 2210; baseline -0.004 -14"><span class='ocrx_word' id='word_1_151' title='bbox 426 2149 701 2203; x_wconf 79' lang='lat' dir='ltr'>exordium3</span> <span class='ocrx_word' id='word_1_152' title='bbox 765 2162 906 2210; x_wconf 87' lang='lat' dir='ltr'>quare</span> <span class='ocrx_word' id='word_1_153' title='bbox 952 2144 997 2191; x_wconf 90' lang='lat' dir='ltr'>in</span> <span class='ocrx_word' id='word_1_154' title='bbox 1041 2143 1315 2206; x_wconf 67' lang='lat' dir='ltr'>aegritudine</span> <span class='ocrx_word' id='word_1_155' title='bbox 1362 2143 1522 2198; x_wconf 85' lang='lat' dir='ltr'>etiam,</span> <span class='ocrx_word' id='word_1_156' title='bbox 1571 2143 1708 2191; x_wconf 85' lang='lat' dir='ltr'>initas</span> 
     </span>
     <span class='ocr_line' id='line_1_27' title="bbox 418 2218 1707 2291; baseline -0.005 -20"><span class='ocrx_word' id='word_1_157' title='bbox 418 2220 699 2291; x_wconf 81' lang='lat' dir='ltr'>jamdudum</span> <span class='ocrx_word' id='word_1_158' title='bbox 725 2219 1097 2274; x_wconf 78' lang='lat' dir='ltr'>consuetudines,</span> <span class='ocrx_word' id='word_1_159' title='bbox 1124 2234 1207 2279; x_wconf 91' lang='lat' dir='ltr'>pro</span> <span class='ocrx_word' id='word_1_160' title='bbox 1235 2218 1388 2264; x_wconf 88' lang='lat' dir='ltr'>morbi</span> <span class='ocrx_word' id='word_1_161' title='bbox 1415 2218 1590 2264; x_wconf 87' lang='lat' dir='ltr'>ratione</span> <span class='ocrx_word' id='word_1_162' title='bbox 1630 2220 1707 2265; x_wconf 84' lang='lat' dir='ltr'>vel</span> 
     </span>
     <span class='ocr_line' id='line_1_28' title="bbox 427 2290 1710 2352; baseline -0.002 -10"><span class='ocrx_word' id='word_1_163' title='bbox 427 2293 613 2350; x_wconf 79' lang='lat' dir='ltr'>servari,</span> <span class='ocrx_word' id='word_1_164' title='bbox 643 2292 718 2337; x_wconf 82' lang='lat' dir='ltr'>vel</span> <span class='ocrx_word' id='word_1_165' title='bbox 744 2292 799 2341; x_wconf 87' lang='lat' dir='ltr'>ad</span> <span class='ocrx_word' id='word_1_166' title='bbox 825 2308 981 2337; x_wconf 86' lang='lat' dir='ltr'>earum</span> <span class='ocrx_word' id='word_1_167' title='bbox 1011 2290 1416 2352; x_wconf 79' lang='lat' dir='ltr'>recuperationem</span> <span class='ocrx_word' id='word_1_168' title='bbox 1456 2291 1710 2340; x_wconf 88' lang='lat' dir='ltr'>ordinatim</span> 
     </span>
     <span class='ocr_line' id='line_1_29' title="bbox 429 2362 1710 2427; baseline -0.002 -13"><span class='ocrx_word' id='word_1_169' title='bbox 429 2368 532 2423; x_wconf 85' lang='lat' dir='ltr'>niti,</span> <span class='ocrx_word' id='word_1_170' title='bbox 579 2366 752 2411; x_wconf 81' lang='lat' dir='ltr'>neceffe</span> <span class='ocrx_word' id='word_1_171' title='bbox 794 2365 881 2411; x_wconf 84' lang='lat' dir='ltr'>effe</span> <span class='ocrx_word' id='word_1_172' title='bbox 909 2363 1121 2427; x_wconf 69' lang='lat' dir='ltr'>judicant</span> <span class='ocrx_word' id='word_1_173' title='bbox 1145 2362 1163 2385; x_wconf 87' lang='lat'><strong>⁶</strong></span> <span class='ocrx_word' id='word_1_174' title='bbox 1196 2365 1367 2410; x_wconf 80' lang='lat' dir='ltr'>multi:</span> <span class='ocrx_word' id='word_1_175' title='bbox 1417 2365 1536 2412; x_wconf 86' lang='lat' dir='ltr'>redit</span> <span class='ocrx_word' id='word_1_176' title='bbox 1583 2365 1710 2412; x_wconf 88' lang='lat' dir='ltr'>enim</span> 
     </span>
     <span class='ocr_line' id='line_1_30' title="bbox 431 2435 1713 2502; baseline -0.002 -13"><span class='ocrx_word' id='word_1_177' title='bbox 431 2456 541 2488; x_wconf 89' lang='lat' dir='ltr'>cum</span> <span class='ocrx_word' id='word_1_178' title='bbox 596 2436 794 2499; x_wconf 81' lang='lat' dir='ltr'>antiquis</span> <span class='ocrx_word' id='word_1_179' title='bbox 848 2435 1260 2484; x_wconf 84' lang='lat' dir='ltr'>consuetudinibus</span> <span class='ocrx_word' id='word_1_180' title='bbox 1317 2436 1501 2495; x_wconf 83' lang='lat' dir='ltr'>sanitas,</span> <span class='ocrx_word' id='word_1_181' title='bbox 1568 2455 1713 2502; x_wconf 88' lang='lat' dir='ltr'>quam</span> 
     </span>
    </p>
   </div>
   <div class='ocr_carea' id='block_1_5' title="bbox 477 2626 1705 2756">
    <p class='ocr_par' dir='ltr' id='par_1_5' title="bbox 477 2626 1705 2756">
     <span class='ocr_line' id='line_1_31' title="bbox 477 2626 1665 2680; baseline 0.003 -15"><span class='ocrx_word' id='word_1_182' title='bbox 477 2630 494 2655; x_wconf 83' lang='lat'><strong>⁶</strong></span> <span class='ocrx_word' id='word_1_183' title='bbox 525 2626 640 2675; x_wconf 72' lang='lat' dir='ltr'>Conf,</span> <span class='ocrx_word' id='word_1_184' title='bbox 668 2627 718 2668; x_wconf 92' lang='lat' dir='ltr'>R.</span> <span class='ocrx_word' id='word_1_185' title='bbox 737 2628 840 2668; x_wconf 83' lang='lat' dir='ltr'><strong>Mos.</strong></span> <span class='ocrx_word' id='word_1_186' title='bbox 865 2628 1051 2668; x_wconf 85' lang='lat' dir='ltr'>Meimon.</span> <span class='ocrx_word' id='word_1_187' title='bbox 1075 2630 1209 2668; x_wconf 85' lang='lat' dir='ltr'>Canon.</span> <span class='ocrx_word' id='word_1_188' title='bbox 1247 2630 1340 2676; x_wconf 82' lang='lat' dir='ltr'>Eth.</span> <span class='ocrx_word' id='word_1_189' title='bbox 1366 2628 1523 2675; x_wconf 81' lang='lat' dir='ltr'>Amstel.</span> <span class='ocrx_word' id='word_1_190' title='bbox 1555 2630 1665 2680; x_wconf 82' lang='lat'>1640.</span> 
     </span>
     <span class='ocr_line' id='line_1_32' title="bbox 1575 2696 1705 2756; baseline -0.038 -7"><span class='ocrx_word' id='word_1_191' title='bbox 1575 2696 1705 2756; x_wconf 79' lang='lat' dir='ltr'>alibi,</span> 
     </span>
    </p>
   </div>
   <div class='ocr_carea' id='block_1_6' title="bbox 1828 0 1871 1325">
    <p class='ocr_par' dir='ltr' id='par_1_6' title="bbox 1828 0 1871 1325">
     <span class='ocr_line' id='line_1_33' title="bbox 1828 0 1871 1325; baseline 0 0"><span class='ocrx_word' id='word_1_192' title='bbox 1828 0 1871 1325; x_wconf 95' lang='lat' dir='ltr'> </span> 
     </span>
    </p>
   </div>
  </div>
 </body>
</html>
