1871 3211
441 228 531 288 158
668 226 782 275 DE
837 225 1026 275 vtT.
1084 225 1467 276 PERIOD.

429 357 665 420 perdurat,
697 359 843 406 veluti
869 359 926 405 ad
951 360 1070 423 ripas
1094 361 1366 425 Campayae,
1392 373 1549 408 contra
1567 374 1708 422 quam

428 431 476 477 in
500 432 708 495 quodam
730 432 892 479 Indico
913 433 1044 489 mari,
1083 434 1161 480 ubi
1199 435 1469 498 quindecim
1492 433 1593 479 fluit
1623 432 1712 478 ho-

425 504 505 561 ris,
533 506 830 568 totidemque
876 506 1049 554 refluit.
1131 508 1297 554 Fertur
1340 508 1482 554 etiam
1534 505 1709 553 alicubi

425 575 647 625 diurnum
670 592 825 626 extare
853 580 1049 637 fluxum,
1083 592 1128 625 et
1152 593 1299 626 totam
1324 579 1473 626 deeffe
1503 579 1707 635 notitem,

424 661 472 695 et
494 651 705 714 opposita
746 652 855 699 alibi
895 653 1000 700 vice
1037 654 1282 700 concitari.
1353 654 1582 699 Praeterea
1619 652 1708 698 alia

419 724 623 771 marium
648 725 752 771 loca
776 727 963 772 alternis
998 726 1126 772 annis
1158 727 1347 773 diurnos
1372 738 1418 771 et
1453 725 1706 771 nocturnos

420 795 572 844 fluxus
610 799 797 854 habent,
836 800 1019 860 aliaque
1066 799 1135 844 bis
1179 801 1224 845 in
1266 799 1421 845 mense
1460 799 1706 844 dumtaxat

420 870 582 916 aestum
623 870 878 932 patiuntur.
950 874 1110 935 Qare
1156 871 1188 916 s1
1237 871 1283 915 in
1329 883 1456 916 tanta
1509 871 1701 918 aestuum

421 944 562 988 maris
601 942 953 1005 irregularitate,
986 959 1093 1006 quae
1132 942 1178 988 in
1220 941 1421 988 marium
1446 943 1616 1004 positu,
1657 955 1706 990 et

418 1016 650 1062 localibus
676 1020 838 1063 cauffis
864 1017 963 1063 aliis
989 1016 1223 1073 fundatur,
1269 1016 1323 1062 iis
1365 1016 1513 1063 nihilo
1550 1029 1705 1063 tamen

419 1087 591 1144 minus,
619 1091 760 1135 Luna
787 1089 1021 1152 imprimis
1038 1090 1220 1152 praeefle
1240 1090 1457 1147 creditur,
1482 1090 1560 1137 vix
1585 1103 1709 1138 certe

418 1164 477 1208 ab
503 1161 727 1224 ejusmodi
752 1165 923 1210 lunaris
949 1164 1167 1210 circuitus
1185 1164 1427 1227 potestate,
1453 1177 1531 1210 aut
1550 1164 1701 1213 imbeq

419 1236 527 1283 cilla
549 1238 797 1286 hominurn
822 1255 1032 1301 corpora,
1061 1252 1139 1286 aut
1164 1255 1217 1285 ea
1242 1238 1562 1297 foeminarum,
1587 1256 1703 1302 qua-

416 1325 521 1357 rum
546 1311 706 1367 laxior,
746 1328 889 1375 quam
927 1312 1152 1368 virorum,
1197 1324 1422 1375 perpetuo
1454 1329 1705 1376 compages

416 1385 494 1440 est,
536 1385 750 1447 quisquis
781 1386 889 1449 jure
930 1386 1118 1443 eximet,
1161 1387 1290 1449 quod
1316 1387 1396 1432 vix
1427 1387 1617 1434 definita
1655 1398 1702 1433 et

419 1459 689 1507 communia
728 1460 773 1507 in
800 1461 990 1523 singulis
1017 1461 1256 1508 menstruae
1281 1461 1554 1509 mutationis
1579 1475 1700 1508 tem-

418 1548 531 1595 pora
555 1533 783 1581 accidant.

481 1686 562 1735 35.
601 1673 776 1736 Neque
801 1672 927 1719 enim
951 1672 1219 1736 simpliciter
1241 1671 1429 1736 propria
1451 1668 1497 1717 in
1521 1688 1695 1719 unum·

416 1744 639 1806 quodque
686 1761 850 1791 eorum
891 1761 1076 1807 corpus,
1123 1745 1266 1807 ignei,
1317 1744 1449 1808 quod
1475 1743 1696 1801 diximus,

413 1816 646 1878 principii,
682 1817 773 1863 five
798 1832 879 1879 per
902 1818 1167 1878 pulmones,
1204 1818 1295 1862 five
1329 1833 1410 1878 per
1435 1817 1698 1864 universam

411 1904 574 1934 eorum
617 1900 792 1943 cutem,
847 1889 1080 1950 absorptio
1121 1889 1448 1935 consideranda
1495 1889 1585 1936 estz
1623 1889 1700 1938 sed

413 1978 541 2020 cum,
568 1960 794 2023 ejusmodi
819 1960 971 2007 cauffa
1012 1961 1188 2023 aliquid
1226 1961 1271 2007 in
1317 1961 1584 2008 hominibus
1614 1978 1698 2008 va*

410 2035 551 2089 lente,
589 2033 843 2080 consimilia
867 2033 964 2080 fieri
991 2035 1167 2081 neceffe
1204 2034 1256 2080 sit
1296 2035 1341 2080 in
1382 2037 1558 2081 caeteris
1594 2035 1696 2081 ani-

408 2108 662 2165 mantibus,
689 2109 830 2170 inque
853 2106 983 2154 omni
1009 2107 1284 2169 vegetabilis
1302 2107 1477 2153 telluris
1503 2108 1694 2170 adspec⁴

408 2194 472 2234 tu,
496 2180 540 2226 in
566 2195 822 2243 eorumque
847 2179 1059 2242 singulis,
1084 2180 1260 2243 quibus
1289 2179 1518 2227 vescimur
1536 2193 1583 2226 et
1606 2198 1693 2226 nu-

413 2254 593 2309 trimur,
619 2252 813 2317 jamque
840 2255 897 2301 ab
926 2252 996 2300 his
1021 2270 1207 2316 quoque
1239 2254 1283 2300 in
1309 2253 1565 2300 humanum
1590 2269 1695 2301 cor-

410 2345 512 2390 pus,
533 2328 692 2386 ditius,
719 2327 859 2374 certis
886 2341 1151 2389 temporum
1176 2328 1446 2382 intervallis,
1464 2326 1691 2390 ejusmodi

412 2401 530 2462 ignis
555 2400 835 2465 principium
859 2416 1045 2448 manare
1069 2401 1213 2464 posse,
1239 2400 1499 2447 verosimile
1532 2400 1613 2448 est.

472 2546 552 2608 36.
591 2546 913 2610 Qamobrem
950 2546 1031 2594 vix
1072 2546 1116 2592 in
1140 2561 1333 2593 omnem
1356 2544 1550 2593 fortaffis
1573 2562 1684 2610 par·

408 2633 503 2668 tem
528 2616 780 2681 rejicienda
821 2634 985 2667 eorum
1026 2618 1287 2668 observatio
1328 2618 1407 2676 est,
1449 2619 1533 2682 qui
1569 2618 1682 2666 aestu

636 2705 655 2736 ι
1526 2691 1670 2753 potis-
