1871 3211
285 778 507 832 LIB.
585 777 656 831 Π.
807 776 1037 828 PARS
1136 774 1207 829 ΙΙ.

100 933 193 982 DE
217 931 586 981 VITALIUM
605 929 1089 977 PERIODORUM
1111 928 1185 974 IN
1213 927 1397 975 MOR-

167 1017 265 1063 BIS
300 1016 392 1062 ET
428 1010 789 1061 SANITATE
829 1009 1399 1058 UNIVERSALIBUS

170 1097 450 1146 CAUSSIS
485 1095 577 1142 ET
614 1093 951 1142 PROPRIIS.

271 1376 1190 1422 --————--—-—-———--

524 1627 808 1675 CAP.
947 1626 987 1674 Ι.

105 1779 182 1827 De
205 1776 417 1824 Vitalium
443 1775 722 1823 Periodorum
747 1775 793 1820 in
818 1773 1164 1837 AEgrotcmtibus
1186 1782 1230 1818 et
1253 1773 1404 1827 Sanis,

173 1869 266 1899 cum
290 1852 437 1898 Solarz‘
470 1852 605 1910 Luce,
640 1849 805 1910 ejusque
824 1850 1031 1910 Defeo‘lu,
1073 1849 1248 1895 Diurno
1273 1847 1399 1893 vide-

174 1927 274 1974 licet
296 1933 338 1971 et
362 1925 587 1971 Nob‘z'urno
614 1921 835 1983 Tempore,
875 1923 1091 1983 Corffenszt.
1391 1917 1408 1923 ‘

114 2097 155 2129 1.
334 2075 626 2124 IDIMUS
666 2090 770 2120 earn
808 2074 896 2120 effe
929 2074 1054 2120 Vitae
1095 2071 1405 2119 periodorum

180 2083 318 2210 V
359 2150 406 2196 in
432 2149 622 2197 homine
646 2148 969 2207 constantiam,
1005 2163 1057 2194 ut
1081 2163 1148 2194 eae
1168 2145 1404 2209 perpetuis

109 2223 385 2272 circuitibus
428 2224 517 2272 sese
559 2223 764 2270 invicem
807 2223 1094 2286 exciperent,
1137 2236 1405 2284 magnaque

109 2310 343 2354 motuum,
380 2298 462 2362 qui
488 2299 545 2345 ad
572 2298 734 2344 Vitam
761 2298 992 2360 pertinent
1011 2313 1133 2361 pars,
1176 2308 1299 2342 certa
1323 2296 1407 2344 ha-

111 2369 240 2416 beret
259 2370 405 2431 initia,
424 2370 726 2419 durationum
743 2371 1003 2428 intervalla,
1030 2369 1245 2417 interitus
1271 2368 1403 2425 item,

110 2456 160 2489 et
182 2443 374 2490 reditus.
445 2443 657 2491 Tametfi
681 2460 821 2507 porro
848 2460 1010 2491 eorum
1036 2441 1182 2505 aliqui
1203 2458 1297 2489 non
1318 2443 1406 2489 ali-

111 2517 235 2563 unde
260 2517 431 2580 magis,
477 2533 622 2580 quam
670 2532 696 2562 a
741 2517 988 2564 voluntate
1028 2516 1404 2581 proficiscantur,

112 2607 220 2654 quae
243 2591 487 2656 postquam
512 2590 594 2637 diu
625 2589 1008 2654 perseveraverit,
1057 2589 1404 2638 consuetudinis

114 2664 213 2718 vim
236 2663 525 2735 postremum
550 2662 712 2719 affert;
752 2662 831 2711 alii
873 2677 1030 2713 tamen
1070 2662 1264 2712 omnino
1293 2663 1405 2709 alie-

703 2736 761 2786 H
799 2750 828 2788 z
1300 2749 1411 2785 nam
