1871 3211
443 252 501 297 82
673 248 788 298 DE
845 250 1029 298 VIT.
1088 250 1480 300 PERIOD.

445 378 711 428 dicament'a
767 381 940 428 auxilio
991 381 1150 428 essent.
1242 381 1338 429 Vix
1393 381 1583 438 etenim,
1631 379 1740 428 Pla·-

441 456 562 503 tonis
578 455 778 519 judiciO,
818 457 1018 503 excusari
1045 466 1244 520 poterat,
1279 457 1406 519 quod
1430 471 1674 519 compares
1697 454 1740 502 ei

439 538 573 573 aetate
608 527 816 574 homines
851 527 1156 575 Medicorum
1191 544 1332 591 opera
1364 528 1607 591 indigeret,
1646 543 1740 573 non

452 598 511 645 ad
541 599 736 646 sananda
774 601 925 648 solum
949 601 1161 659 vulnera,
1201 600 1483 664 morbosque
1523 601 1581 647 ab
1623 600 1740 646 aeris

454 666 733 736 intemperie
780 677 982 739 annique
1028 676 1300 739 tempestate
1341 675 1614 731 incidentes,
1662 675 1741 722 sed

448 744 706 807 plurimum
736 748 789 794 ad
813 748 1129 808 destillationes,
1155 759 1197 795 et
1203 751 1399 811 spiritus
1424 750 1645 796 interioris
1668 750 1739 794 in-.

455 821 719 879 tmnffcentis
737 824 934 882 impetum
955 822 1016 867 ob
1031 822 1225 867 mollem
1243 822 1557 885 desidemque,
1573 821 1738 878 vitam,

447 903 495 936 et
516 892 886 940 luxuriofiffimas
913 895 975 939 sui
998 895 1219 956 temporis
1241 896 1517 942 Gra-:corum
1543 896 1738 943 consue-

448 963 669 1010 tudines:
712 983 767 1011 ex
793 967 966 1028 quibus
991 966 1164 1012 factum
1200 967 1330 1015 fuisse
1363 968 1426 1014 ait
1464 981 1519 1014 ut
1554 969 1740 1014 homines

447 1034 696 1082 lacunarum
717 1038 852 1096 instar
864 1039 1001 1097 flatu,
1028 1049 1069 1084 et
1093 1055 1207 1100 aqam
1229 1039 1510 1084 exuberantes
1533 1040 1741 1100 coegerint

437 1109 609 1168 peritos
633 1110 883 1171 AEsculapz‘i
905 1112 1175 1174 successores,
1224 1112 1385 1157 morbos
1415 1112 1610 1174 quosdam
1632 1128 1739 1159 novo

445 1183 608 1228 nomine
626 1182 930 1242 destillationes
954 1194 995 1230 et
1021 1185 1261 1245 inflationes
1284 1184 1520 1245 appellare.

513 1344 560 1393 5.
601 1331 717 1376 Non
742 1329 885 1393 igitur
909 1331 1066 1377 effoeta
1091 1328 1410 1391 splendidioris
1435 1329 1546 1377 vitae
1574 1330 1738 1377 molli-

445 1399 548 1456 ties,
586 1403 711 1464 quati
739 1403 981 1448 novissima
1016 1402 1236 1466 quaedam
1280 1402 1557 1449 morborum
1584 1403 1738 1451 cauffa

450 1472 736 1536 Hippocrati
783 1476 1033 1538 incognita,
1065 1475 1194 1538 quod
1218 1474 1358 1521 multi
1372 1473 1610 1537 judicant,
1636 1493 1738 1524 rur-

444 1544 515 1593 sue
536 1549 812 1612 proseratur.
883 1550 1057 1597 Dulcia
1092 1548 1324 1614 slquidem
1347 1547 1575 1611 ejusmodi
1602 1551 1734 1610 vitia,

443 1637 552 1682 quae
569 1625 778 1671 nativum
798 1625 947 1687 gentis
971 1626 1128 1682 robur,
1151 1625 1312 1671 crebra
1335 1623 1608 1672 morborum
1632 1626 1733 1673 suc-

443 1696 638 1742 ceffione
663 1698 924 1753 emolliunt,
969 1696 1062 1745 fere
1087 1697 1205 1743 adeo
1249 1713 1359 1742 cum
1388 1697 1607 1760 politiore
1648 1699 1733 1746 ho-

440 1767 624 1817 minum
649 1772 985 1819 communitate
1022 1770 1271 1833 conjuncta
1295 1770 1414 1827 sunt,
1439 1784 1492 1818 ut
1514 1772 1731 1836 antiqua-

439 1854 546 1886 rum
572 1857 662 1887 non
691 1843 845 1888 minus
883 1859 1026 1904 quam
1054 1858 1337 1906 nuperarum
1377 1842 1462 1888 fint
1497 1844 1731 1906 gentium,

440 1913 716 1976 cunctasque
762 1915 971 1963 similiter
1019 1916 1239 1971 afficiant,
1283 1931 1483 1978 quarum
1521 1916 1734 1967 civitates

440 1986 650 2047 proxime
675 1987 720 2033 in
748 1988 925 2035 summa
951 1988 1135 2052 imperii
1160 2002 1206 2035 et
1231 1989 1393 2052 gloriae
1410 1991 1636 2053 potestate
1657 1994 1746 2042 lo·-

442 2073 635 2104 cantur:
669 2062 792 2107 unde
843 2076 998 2109 tamen
1037 2062 1089 2108 iis
1128 2078 1220 2117 non
1260 2063 1467 2125 plurimo
1489 2064 1590 2127 post
1607 2052 1730 2113 tem-

439 2145 553 2193 pore
578 2132 906 2181 discedendum
932 2135 999 2191 fit,
1025 2135 1195 2198 pariter
1238 2148 1380 2197 atque
1422 2135 1467 2181 in
1504 2137 1728 2189 athletico

440 2203 690 2252 hominum
718 2207 898 2264 habim,
927 2208 1082 2255 efferae
1103 2207 1244 2255 status
1268 2207 1590 2257 conversiones
1627 2210 1730 2260 sunt

440 2279 756 2339 expectandae.
827 2280 1098 2346 Cujusmodi
1113 2298 1182 2328 res
1215 2282 1340 2344 apud
1366 2283 1559 2331 Graecos
1595 2286 1730 2350 Hip-

440 2353 641 2412 pocratis
667 2368 712 2400 et
736 2356 947 2403 Platonis
988 2371 1091 2401 aevo
1130 2356 1372 2416 agebatur,
1398 2373 1546 2421 eaque
1583 2359 1728 2407 etiarn

441 2422 563 2469 Celsi
582 2437 791 2489 tempore
816 2429 1026 2492 proxime
1068 2427 1217 2474 fuerat
1243 2430 1572 2477 Romanorum
1609 2449 1726 2479 con-

437 2495 568 2547 ditio.
641 2498 828 2546 Desidia
846 2517 1048 2565 namque
1075 2514 1120 2546 et
1140 2500 1335 2557 luxuria,
1361 2501 1496 2565 hujus
1517 2503 1726 2558 similiter

438 2581 593 2627 aetate,
622 2569 816 2636 jamque
845 2575 992 2624 bonos
1015 2574 1312 2637 Reipublicae
1340 2591 1490 2624 mores
1528 2576 1723 2625 vitiave-

1582 2662 1684 2697 rssnt
1705 2668 1719 2697 ἒ
