1871 3211
420 265 1115 316 CAUSSIS.
1315 283 1409 330 203

121 397 264 457 factu,
279 398 408 447 vocis
425 398 585 457 etiam,
602 411 648 448 et
661 399 929 464 digestionis
951 397 1284 457 instrumentis,
1308 413 1411 450 tum

120 474 314 522 demum
341 473 534 522 incessu·

186 624 269 685 46.
305 626 416 686 Jam
440 640 569 684 vero,
600 638 833 689 quantum
856 641 967 672 cum
991 637 1125 672 aetate
1152 624 1412 672 inflamma-

121 698 283 746 bilitas
307 698 520 757 decedat,
559 698 769 746 seminali
793 697 1032 761 principio
1059 698 1221 760 (cujus
1248 700 1414 761 praeci-

120 789 217 840 puo
252 774 535 831 interventu,
570 774 811 833 um‘lutffum
837 771 972 835 quid,
1015 771 1234 818 humores
1274 773 1414 821 nostri

121 844 329 908 corporis
355 844 643 908 concipiunt,
684 856 732 891 et
767 843 948 890 medium
979 843 1172 889 centrale
1194 848 1414 893 connexio-

118 918 203 973 nis,
227 919 354 981 quod
370 920 562 965 Veteres
583 918 809 974 dixerant,
830 917 1101 964 ditiffimum
1123 933 1205 980 per
1221 934 1418 967 ornnem

120 992 270 1040 aetatis
303 992 517 1055 vigorem
557 992 801 1057 superest),
839 991 1000 1038 sensim
1037 990 1144 1054 plus
1187 993 1417 1055 perpetim

123 1082 362 1125 enervam,
395 1069 441 1116 in
466 1082 595 1115 tanta
619 1068 928 1115 nihilominus
954 1067 1236 1115 circulatorii
1259 1082 1417 1117 motus

124 1139 172 1186 in
211 1141 569 1192 Senescentibus
606 1141 805 1205 jaAEtura,
844 1141 1095 1204 Mephitici
1134 1142 1348 1205 principii
1390 1159 1418 1190 a.

121 1229 283 1262 centro
309 1218 366 1263 ad
390 1215 656 1280 periferiam
688 1217 925 1281 appulsus,
971 1217 1074 1279 plus
1118 1229 1345 1279 perpetuo
1372 1218 1418 1266 in

122 1289 168 1337 se
192 1289 479 1338 difficultatis
502 1292 691 1347 habent,
726 1290 916 1355 fereque
942 1290 1065 1336 callo
1090 1289 1254 1337 durata
1277 1291 1418 1352 cutis»,

122 1381 389 1430 parumque
428 1367 659 1424 meabilis,
698 1381 946 1414 cutanearn
987 1365 1420 1429 dephlogisticatio-

125 1455 251 1496 nem,
290 1441 491 1490 multam
522 1442 724 1507 jamque
748 1455 946 1506 partem,
972 1441 1184 1504 abrogat.
1256 1444 1420 1507 Qare

125 1514 286 1562 foetidi
308 1518 485 1566 Senum
518 1519 608 1566 oris
644 1517 833 1573 halitus,
873 1516 1105 1573 dentium,
1134 1530 1181 1563 et
1203 1517 1420 1581 gingiva-

125 1605 232 1638 rum
260 1591 474 1655 nigredo,
513 1606 560 1639 et
584 1592 815 1656 quidquid
846 1606 1040 1653 corpore
1067 1589 1254 1652 spirant,
1290 1592 1422 1654 quod

124 1663 283 1717 rariori
309 1666 390 1711 fiat
414 1666 540 1724 loco,
572 1666 679 1728 plus
705 1665 876 1720 adhuc,
910 1678 1054 1726 quam
1082 1679 1163 1726 per
1187 1663 1422 1727 reliquam

126 1736 292 1795 vitam,
328 1738 654 1802 mephiticum.

195 1901 277 1950 47.
302 1885 377 1933 Ex
400 1902 497 1950 quo
521 1884 714 1932 luctuosi
738 1884 1019 1948 plerumque
1039 1883 1283 1944 Juvenum
1307 1898 1422 1934 cum

127 1960 332 2006 Senibus
370 1960 649 2008 concubitus
671 1977 684 2006 ε
734 1959 900 2022 saepius
945 1958 976 2003 ii
1021 1973 1228 2020 namque
1270 1959 1420 2007 tabes-

129 2048 258 2091 cunt,
296 2036 437 2082 Senes
461 2051 574 2081 vero
600 2046 761 2081 contra
777 2033 920 2088 reficI‚
946 2031 1287 2096 antiquiflimis,
1313 2050 1424 2098 quae

131 2106 179 2155 in
220 2107 269 2154 id
307 2108 568 2171 allegantur
608 2105 850 2170 exemplis,
886 2105 1109 2153 feruntur.
1198 2107 1421 2168 Qorum

131 2181 420 2244 postremum
466 2180 575 2238 fere,
616 2181 745 2245 quod
781 2181 921 2226 Senes
953 2178 1189 2242 juveniles
1233 2179 1420 2243 spiritus

131 2256 357 2312 hauriant,
377 2270 423 2304 et
448 2255 734 2311 absorbeant,
757 2254 853 2300 fieri
879 2252 1097 2311 creditur,
1123 2252 1246 2299 haud
1270 2253 1420 2316 pluri-

132 2348 213 2379 mo
239 2345 411 2388 tamen,
441 2344 673 2396 quantum
702 2329 889 2394 judico,
911 2329 1117 2376 veritatis
1141 2328 1422 2377 fundamen-

133 2419 199 2453 to.
271 2407 446 2454 Praeter
468 2407 591 2453 enim
618 2421 763 2468 quam
799 2403 946 2468 quod,
972 2402 1205 2466 quidquid
1230 2403 1421 2450 univer-

134 2481 217 2534 fim
241 2496 435 2543 corpore
460 2480 669 2544 spiratur,
694 2479 775 2525 vix
797 2478 854 2525 ad
877 2477 1064 2524 alterius
1090 2476 1215 2523 Vitae
1240 2477 1421 2524 utilita-

135 2566 232 2601 tem
257 2553 468 2601 conferre
493 2553 719 2601 credibile
745 2552 812 2609 fit,
838 2551 1093 2598 minimum
1118 2551 1256 2597 etiam
1278 2552 1423 2600 Senes

137 2642 246 2675 cute
281 2626 539 2684 absorbent,
579 2642 728 2690 neque
755 2626 959 2673 multum
986 2625 1093 2675 inde
1118 2640 1195 2671 eos
1219 2624 1422 2686 vigorati

138 2702 358 2777 poffibile
376 2701 454 2759 est,
487 2700 609 2749 haud
634 2699 838 2750 multum
865 2711 1029 2748 contra
1065 2697 1290 2751 obstante,
1336 2713 1423 2744 no-

1239 2770 1421 2830 tissima,
