<?xml version="1.0" encoding="UTF-8"?>
<!DOCTYPE html PUBLIC "-//W3C//DTD XHTML 1.0 Transitional//EN"
    "http://www.w3.org/TR/xhtml1/DTD/xhtml1-transitional.dtd">
<html xmlns="http://www.w3.org/1999/xhtml" xml:lang="en" lang="en">
 <head>
  <title>
</title>
<meta http-equiv="Content-Type" content="text/html;charset=utf-8" />
  <meta name='ocr-system' content='tesseract 3.04.00' />
  <meta name='ocr-capabilities' content='ocr_page ocr_carea ocr_par ocr_line ocrx_word'/>
</head>
<body>
  <div class='ocr_page' id='page_1' title='image "./devitalibusperio02testuoft_0087.png"; bbox 0 0 1871 3211; ppageno 0'>
   <div class='ocr_carea' id='block_1_1' title="bbox 324 249 1352 320">
    <p class='ocr_par' dir='ltr' id='par_1_1' title="bbox 324 249 1352 320">
     <span class='ocr_line' id='line_1_1' title="bbox 324 249 1352 320; baseline 0.004 -24"><span class='ocrx_word' id='word_1_1' title='bbox 324 249 915 320; x_wconf 18' lang='lat' dir='ltr'>,sANORU</span> <span class='ocrx_word' id='word_1_2' title='bbox 978 253 1054 300; x_wconf 88' lang='lat' dir='ltr'>M.</span> <span class='ocrx_word' id='word_1_3' title='bbox 1288 267 1352 317; x_wconf 81' lang='lat'>73</span> 
     </span>
    </p>
   </div>
   <div class='ocr_carea' id='block_1_2' title="bbox 70 381 1357 524">
    <p class='ocr_par' dir='ltr' id='par_1_2' title="bbox 70 381 1357 524">
     <span class='ocr_line' id='line_1_2' title="bbox 70 381 1357 450; baseline -0.001 -18"><span class='ocrx_word' id='word_1_4' title='bbox 70 386 283 449; x_wconf 85' lang='lat' dir='ltr'>proxime</span> <span class='ocrx_word' id='word_1_5' title='bbox 315 398 477 431; x_wconf 86' lang='lat' dir='ltr'>omnes</span> <span class='ocrx_word' id='word_1_6' title='bbox 517 393 727 439; x_wconf 87' lang='lat' dir='ltr'>utuntur,</span> <span class='ocrx_word' id='word_1_7' title='bbox 759 397 866 450; x_wconf 84' lang='lat' dir='ltr'>quae</span> <span class='ocrx_word' id='word_1_8' title='bbox 895 399 989 430; x_wconf 90' lang='lat' dir='ltr'>non</span> <span class='ocrx_word' id='word_1_9' title='bbox 1029 381 1193 429; x_wconf 85' lang='lat' dir='ltr'>eadem</span> <span class='ocrx_word' id='word_1_10' title='bbox 1221 392 1261 427; x_wconf 85' lang='lat'>¹⁵</span> <span class='ocrx_word' id='word_1_11' title='bbox 1298 385 1357 435; x_wconf 82' lang='lat' dir='ltr'>ad</span> 
     </span>
     <span class='ocr_line' id='line_1_3' title="bbox 75 455 885 524; baseline -0.005 -16"><span class='ocrx_word' id='word_1_12' title='bbox 75 457 388 509; x_wconf 89' lang='lat' dir='ltr'>conterminas</span> <span class='ocrx_word' id='word_1_13' title='bbox 413 470 578 521; x_wconf 82' lang='lat' dir='ltr'>gentes</span> <span class='ocrx_word' id='word_1_14' title='bbox 602 455 885 524; x_wconf 75' lang='lat' dir='ltr'>extenditur.</span> 
     </span>
    </p>
   </div>
   <div class='ocr_carea' id='block_1_3' title="bbox 3 594 1369 1536">
    <p class='ocr_par' dir='ltr' id='par_1_3' title="bbox 3 594 1369 1536">
     <span class='ocr_line' id='line_1_4' title="bbox 139 594 1361 674; baseline -0.002 -21"><span class='ocrx_word' id='word_1_15' title='bbox 139 621 215 654; x_wconf 83' lang='lat'>10.</span> <span class='ocrx_word' id='word_1_16' title='bbox 254 607 397 667; x_wconf 89' lang='lat' dir='ltr'>Juxta</span> <span class='ocrx_word' id='word_1_17' title='bbox 423 622 544 670; x_wconf 84' lang='lat' dir='ltr'>quae,</span> <span class='ocrx_word' id='word_1_18' title='bbox 582 594 1025 674; x_wconf 38' lang='lat' dir='ltr'>propriauquaedam‚</span> <span class='ocrx_word' id='word_1_19' title='bbox 1075 617 1120 650; x_wconf 90' lang='lat' dir='ltr'>et</span> <span class='ocrx_word' id='word_1_20' title='bbox 1152 604 1361 650; x_wconf 85' lang='lat' dir='ltr'>absoluta</span> 
     </span>
     <span class='ocr_line' id='line_1_5' title="bbox 72 678 1362 742; baseline -0.003 -14"><span class='ocrx_word' id='word_1_21' title='bbox 72 692 263 728; x_wconf 84' lang='lat' dir='ltr'>aetatum</span> <span class='ocrx_word' id='word_1_22' title='bbox 303 679 512 742; x_wconf 88' lang='lat' dir='ltr'>pericula</span> <span class='ocrx_word' id='word_1_23' title='bbox 535 694 697 726; x_wconf 89' lang='lat' dir='ltr'>omnes</span> <span class='ocrx_word' id='word_1_24' title='bbox 721 679 902 742; x_wconf 85' lang='lat' dir='ltr'>prorsus</span> <span class='ocrx_word' id='word_1_25' title='bbox 934 678 1148 726; x_wconf 84' lang='lat' dir='ltr'>homines</span> <span class='ocrx_word' id='word_1_26' title='bbox 1180 679 1362 724; x_wconf 83' lang='lat' dir='ltr'>afficere</span> 
     </span>
     <span class='ocr_line' id='line_1_6' title="bbox 70 752 1360 817; baseline -0.001 -18"><span class='ocrx_word' id='word_1_27' title='bbox 70 752 303 809; x_wconf 84' lang='lat' dir='ltr'>videntur,</span> <span class='ocrx_word' id='word_1_28' title='bbox 330 766 547 817; x_wconf 86' lang='lat' dir='ltr'>certaque</span> <span class='ocrx_word' id='word_1_29' title='bbox 566 752 678 799; x_wconf 85' lang='lat' dir='ltr'>vitae</span> <span class='ocrx_word' id='word_1_30' title='bbox 692 766 904 817; x_wconf 88' lang='lat' dir='ltr'>tempora</span> <span class='ocrx_word' id='word_1_31' title='bbox 930 769 1008 800; x_wconf 84' lang='lat' dir='ltr'>eos</span> <span class='ocrx_word' id='word_1_32' title='bbox 1030 752 1076 798; x_wconf 86' lang='lat' dir='ltr'>in</span> <span class='ocrx_word' id='word_1_33' title='bbox 1096 769 1269 815; x_wconf 83' lang='lat' dir='ltr'>magna</span> <span class='ocrx_word' id='word_1_34' title='bbox 1289 752 1360 798; x_wconf 87' lang='lat' dir='ltr'>vi-</span> 
     </span>
     <span class='ocr_line' id='line_1_7' title="bbox 3 826 1360 891; baseline -0.001 -15"><span class='ocrx_word' id='word_1_35' title='bbox 3 871 5 877; x_wconf 92' lang='lat'><em>.</em></span> <span class='ocrx_word' id='word_1_36' title='bbox 70 827 210 874; x_wconf 87' lang='lat' dir='ltr'>vendi</span> <span class='ocrx_word' id='word_1_37' title='bbox 236 827 311 891; x_wconf 92' lang='lat' dir='ltr'>spe</span> <span class='ocrx_word' id='word_1_38' title='bbox 331 827 578 882; x_wconf 85' lang='lat' dir='ltr'>collocare,</span> <span class='ocrx_word' id='word_1_39' title='bbox 601 826 788 891; x_wconf 88' lang='lat' dir='ltr'>aliaque</span> <span class='ocrx_word' id='word_1_40' title='bbox 814 840 989 882; x_wconf 88' lang='lat' dir='ltr'>contra,</span> <span class='ocrx_word' id='word_1_41' title='bbox 1016 826 1140 890; x_wconf 81' lang='lat' dir='ltr'>quasi</span> <span class='ocrx_word' id='word_1_42' title='bbox 1163 827 1360 875; x_wconf 85' lang='lat' dir='ltr'>totidem</span> 
     </span>
     <span class='ocr_line' id='line_1_8' title="bbox 74 899 1363 962; baseline 0.002 -16"><span class='ocrx_word' id='word_1_43' title='bbox 74 900 359 947; x_wconf 82' lang='lat' dir='ltr'>veraciffima</span> <span class='ocrx_word' id='word_1_44' title='bbox 385 899 704 947; x_wconf 63' lang='lat' dir='ltr'>cliinasterum</span> <span class='ocrx_word' id='word_1_45' title='bbox 739 900 880 962; x_wconf 82' lang='lat' dir='ltr'>figna,</span> <span class='ocrx_word' id='word_1_46' title='bbox 905 899 949 946; x_wconf 87' lang='lat' dir='ltr'>in</span> <span class='ocrx_word' id='word_1_47' title='bbox 978 899 1170 962; x_wconf 82' lang='lat' dir='ltr'>angusto</span> <span class='ocrx_word' id='word_1_48' title='bbox 1194 916 1302 948; x_wconf 89' lang='lat' dir='ltr'>eoru</span> <span class='ocrx_word' id='word_1_49' title='bbox 1315 919 1363 948; x_wconf 85' lang='lat' dir='ltr'>m</span> 
     </span>
     <span class='ocr_line' id='line_1_9' title="bbox 72 973 1366 1038; baseline 0.002 -18"><span class='ocrx_word' id='word_1_50' title='bbox 72 973 184 1020; x_wconf 86' lang='lat' dir='ltr'>vitae</span> <span class='ocrx_word' id='word_1_51' title='bbox 216 973 342 1037; x_wconf 89' lang='lat' dir='ltr'>spem</span> <span class='ocrx_word' id='word_1_52' title='bbox 380 991 569 1037; x_wconf 87' lang='lat' dir='ltr'>ponere.</span> <span class='ocrx_word' id='word_1_53' title='bbox 642 977 710 1022; x_wconf 88' lang='lat' dir='ltr'>At</span> <span class='ocrx_word' id='word_1_54' title='bbox 734 974 780 1023; x_wconf 88' lang='lat' dir='ltr'>in</span> <span class='ocrx_word' id='word_1_55' title='bbox 815 975 883 1021; x_wconf 80' lang='lat' dir='ltr'>his</span> <span class='ocrx_word' id='word_1_56' title='bbox 927 975 1118 1038; x_wconf 84' lang='lat' dir='ltr'>quidem</span> <span class='ocrx_word' id='word_1_57' title='bbox 1155 974 1233 1021; x_wconf 80' lang='lat' dir='ltr'>vix</span> <span class='ocrx_word' id='word_1_58' title='bbox 1269 977 1366 1023; x_wconf 76' lang='lat' dir='ltr'>ulla</span> 
     </span>
     <span class='ocr_line' id='line_1_10' title="bbox 73 1048 1365 1111; baseline 0.003 -19"><span class='ocrx_word' id='word_1_59' title='bbox 73 1048 436 1110; x_wconf 85' lang='lat' dir='ltr'>Septenniorum</span> <span class='ocrx_word' id='word_1_60' title='bbox 460 1049 912 1100; x_wconf 83' lang='lat' dir='ltr'>autNovenniorum</span> <span class='ocrx_word' id='word_1_61' title='bbox 932 1052 1047 1095; x_wconf 86' lang='lat' dir='ltr'>ratio</span> <span class='ocrx_word' id='word_1_62' title='bbox 1073 1048 1150 1104; x_wconf 84' lang='lat' dir='ltr'>est,</span> <span class='ocrx_word' id='word_1_63' title='bbox 1188 1049 1365 1111; x_wconf 80' lang='lat' dir='ltr'>potiffi-</span> 
     </span>
     <span class='ocr_line' id='line_1_11' title="bbox 73 1123 1366 1185; baseline 0.003 -19"><span class='ocrx_word' id='word_1_64' title='bbox 73 1135 206 1167; x_wconf 87' lang='lat' dir='ltr'>mum</span> <span class='ocrx_word' id='word_1_65' title='bbox 233 1137 341 1167; x_wconf 87' lang='lat' dir='ltr'>cum</span> <span class='ocrx_word' id='word_1_66' title='bbox 362 1123 592 1170; x_wconf 73' lang='lat' dir='ltr'>maximus</span> <span class='ocrx_word' id='word_1_67' title='bbox 617 1123 914 1169; x_wconf 79' lang='lat' dir='ltr'>mortalitatis</span> <span class='ocrx_word' id='word_1_68' title='bbox 954 1137 1174 1168; x_wconf 82' lang='lat' dir='ltr'>numerus</span> <span class='ocrx_word' id='word_1_69' title='bbox 1200 1123 1245 1168; x_wconf 87' lang='lat' dir='ltr'>in</span> <span class='ocrx_word' id='word_1_70' title='bbox 1271 1124 1366 1185; x_wconf 86' lang='lat' dir='ltr'>pri—</span> 
     </span>
     <span class='ocr_line' id='line_1_12' title="bbox 74 1195 1366 1259; baseline 0.002 -19"><span class='ocrx_word' id='word_1_71' title='bbox 74 1209 209 1242; x_wconf 88' lang='lat' dir='ltr'>mum</span> <span class='ocrx_word' id='word_1_72' title='bbox 241 1195 352 1241; x_wconf 80' lang='lat' dir='ltr'>vitae</span> <span class='ocrx_word' id='word_1_73' title='bbox 377 1213 552 1243; x_wconf 84' lang='lat' dir='ltr'>annum</span> <span class='ocrx_word' id='word_1_74' title='bbox 589 1196 740 1241; x_wconf 87' lang='lat' dir='ltr'>cadat.</span> <span class='ocrx_word' id='word_1_75' title='bbox 813 1197 941 1241; x_wconf 84' lang='lat' dir='ltr'>Dato</span> <span class='ocrx_word' id='word_1_76' title='bbox 967 1212 1167 1259; x_wconf 84' lang='lat' dir='ltr'>namque</span> <span class='ocrx_word' id='word_1_77' title='bbox 1200 1196 1366 1242; x_wconf 86' lang='lat' dir='ltr'>viven-</span> 
     </span>
     <span class='ocr_line' id='line_1_13' title="bbox 71 1266 1367 1330; baseline 0.004 -18"><span class='ocrx_word' id='word_1_78' title='bbox 71 1266 193 1312; x_wconf 83' lang='lat' dir='ltr'>tium</span> <span class='ocrx_word' id='word_1_79' title='bbox 219 1283 413 1314; x_wconf 82' lang='lat' dir='ltr'>numero</span> <span class='ocrx_word' id='word_1_80' title='bbox 442 1269 589 1322; x_wconf 87' lang='lat' dir='ltr'>mille,</span> <span class='ocrx_word' id='word_1_81' title='bbox 618 1281 664 1313; x_wconf 90' lang='lat' dir='ltr'>et</span> <span class='ocrx_word' id='word_1_82' title='bbox 683 1268 1153 1330; x_wconf 81' lang='lat' dir='ltr'>quadringentorum,</span> <span class='ocrx_word' id='word_1_83' title='bbox 1177 1270 1367 1317; x_wconf 84' lang='lat' dir='ltr'>ducenti</span> 
     </span>
     <span class='ocr_line' id='line_1_14' title="bbox 75 1340 1369 1405; baseline 0.003 -18"><span class='ocrx_word' id='word_1_84' title='bbox 75 1354 122 1387; x_wconf 94' lang='lat' dir='ltr'>et</span> <span class='ocrx_word' id='word_1_85' title='bbox 157 1340 451 1405; x_wconf 81' lang='lat' dir='ltr'>septuaginta</span> <span class='ocrx_word' id='word_1_86' title='bbox 492 1342 703 1405; x_wconf 86' lang='lat' dir='ltr'>quinque</span> <span class='ocrx_word' id='word_1_87' title='bbox 746 1353 850 1386; x_wconf 86' lang='lat' dir='ltr'>ante</span> <span class='ocrx_word' id='word_1_88' title='bbox 896 1342 1105 1404; x_wconf 87' lang='lat' dir='ltr'>primum</span> <span class='ocrx_word' id='word_1_89' title='bbox 1154 1345 1369 1392; x_wconf 64' lang='lat' dir='ltr'>exactum</span> 
     </span>
     <span class='ocr_line' id='line_1_15' title="bbox 74 1413 1369 1498; baseline 0.003 -39"><span class='ocrx_word' id='word_1_90' title='bbox 74 1413 226 1460; x_wconf 83' lang='lat' dir='ltr'>aetatis</span> <span class='ocrx_word' id='word_1_91' title='bbox 267 1431 440 1461; x_wconf 84' lang='lat' dir='ltr'>annum</span> <span class='ocrx_word' id='word_1_92' title='bbox 490 1414 757 1467; x_wconf 79' lang='lat' dir='ltr'>intereunt3</span> <span class='ocrx_word' id='word_1_93' title='bbox 797 1414 937 1498; x_wconf 62' lang='lat' dir='ltr'>&lt;31³0le</span> <span class='ocrx_word' id='word_1_94' title='bbox 965 1414 1101 1460; x_wconf 78' lang='lat' dir='ltr'>editae</span> <span class='ocrx_word' id='word_1_95' title='bbox 1135 1431 1159 1460; x_wconf 86' lang='lat' dir='ltr'>a</span> <span class='ocrx_word' id='word_1_96' title='bbox 1207 1417 1369 1463; x_wconf 76' lang='lat' dir='ltr'>Kerse-</span> 
     </span>
     <span class='ocr_line' id='line_1_16' title="bbox 78 1487 1160 1536; baseline 0 -1"><span class='ocrx_word' id='word_1_97' title='bbox 78 1487 270 1536; x_wconf 87' lang='lat' dir='ltr'>boomio</span> <span class='ocrx_word' id='word_1_98' title='bbox 294 1489 589 1536; x_wconf 86' lang='lat' dir='ltr'>mortalitatis</span> <span class='ocrx_word' id='word_1_99' title='bbox 616 1488 788 1535; x_wconf 86' lang='lat' dir='ltr'>tabulae</span> <span class='ocrx_word' id='word_1_100' title='bbox 816 1487 858 1516; x_wconf 84' lang='lat'>¹⁶</span> <span class='ocrx_word' id='word_1_101' title='bbox 897 1488 1160 1536; x_wconf 82' lang='lat' dir='ltr'>ostendunt.</span> 
     </span>
    </p>
   </div>
   <div class='ocr_carea' id='block_1_4' title="bbox 42 1628 1373 1769">
    <p class='ocr_par' dir='ltr' id='par_1_4' title="bbox 42 1628 1373 1769">
     <span class='ocr_line' id='line_1_17' title="bbox 149 1628 1370 1694; baseline 0.003 -19"><span class='ocrx_word' id='word_1_102' title='bbox 149 1643 227 1675; x_wconf 91' lang='lat'>11.</span> <span class='ocrx_word' id='word_1_103' title='bbox 282 1629 350 1674; x_wconf 89' lang='lat' dir='ltr'>At</span> <span class='ocrx_word' id='word_1_104' title='bbox 384 1628 565 1693; x_wconf 88' lang='lat' dir='ltr'>reliqua</span> <span class='ocrx_word' id='word_1_105' title='bbox 588 1629 697 1675; x_wconf 81' lang='lat' dir='ltr'>vitae</span> <span class='ocrx_word' id='word_1_106' title='bbox 732 1628 1055 1692; x_wconf 55' lang='lat' dir='ltr'>periculffin‘</span> <span class='ocrx_word' id='word_1_107' title='bbox 1086 1630 1370 1694; x_wconf 78' lang='lat' dir='ltr'>decrepitam</span> 
     </span>
     <span class='ocr_line' id='line_1_18' title="bbox 42 1702 1373 1769; baseline 0.001 -18"><span class='ocrx_word' id='word_1_108' title='bbox 42 1723 47 1730; x_wconf 46' lang='lat'>¹·</span> <span class='ocrx_word' id='word_1_109' title='bbox 79 1703 225 1769; x_wconf 90' lang='lat' dir='ltr'>usque</span> <span class='ocrx_word' id='word_1_110' title='bbox 261 1715 465 1759; x_wconf 80' lang='lat' dir='ltr'>aetatem,</span> <span class='ocrx_word' id='word_1_111' title='bbox 501 1703 548 1760; x_wconf 83' lang='lat' dir='ltr'>fi,</span> <span class='ocrx_word' id='word_1_112' title='bbox 572 1719 682 1767; x_wconf 82' lang='lat' dir='ltr'>quae</span> <span class='ocrx_word' id='word_1_113' title='bbox 706 1702 993 1767; x_wconf 84' lang='lat' dir='ltr'>fingulorum</span> <span class='ocrx_word' id='word_1_114' title='bbox 1020 1720 1248 1755; x_wconf 84' lang='lat' dir='ltr'>annorum</span> <span class='ocrx_word' id='word_1_115' title='bbox 1271 1705 1373 1752; x_wconf 86' lang='lat' dir='ltr'>sunt</span> 
     </span>
    </p>
   </div>
   <div class='ocr_carea' id='block_1_5' title="bbox 72 1889 1382 2001">
    <p class='ocr_par' dir='ltr' id='par_1_5' title="bbox 72 1889 1382 2001">
     <span class='ocr_line' id='line_1_19' title="bbox 127 1889 1380 1940; baseline 0.002 -14"><span class='ocrx_word' id='word_1_116' title='bbox 127 1893 158 1916; x_wconf 87' lang='lat'>¹⁵</span> <span class='ocrx_word' id='word_1_117' title='bbox 190 1889 236 1927; x_wconf 89' lang='lat' dir='ltr'>In</span> <span class='ocrx_word' id='word_1_118' title='bbox 269 1889 491 1935; x_wconf 84' lang='lat' dir='ltr'>Hollandia,</span> <span class='ocrx_word' id='word_1_119' title='bbox 521 1899 560 1928; x_wconf 86' lang='lat' dir='ltr'>et</span> <span class='ocrx_word' id='word_1_120' title='bbox 587 1890 736 1936; x_wconf 76' lang='lat' dir='ltr'>Sue-cia,</span> <span class='ocrx_word' id='word_1_121' title='bbox 767 1905 815 1927; x_wconf 83' lang='lat' dir='ltr'>ex</span> <span class='ocrx_word' id='word_1_122' title='bbox 841 1903 900 1940; x_wconf 84' lang='lat' dir='ltr'>gr.</span> <span class='ocrx_word' id='word_1_123' title='bbox 934 1891 1380 1940; x_wconf 66' lang='lat' dir='ltr'>protraffioruniverfim</span> 
     </span>
     <span class='ocr_line' id='line_1_20' title="bbox 72 1949 1382 2001; baseline 0.001 -13"><span class='ocrx_word' id='word_1_124' title='bbox 72 1950 153 1988; x_wconf 86' lang='lat' dir='ltr'>vita</span> <span class='ocrx_word' id='word_1_125' title='bbox 186 1949 366 1996; x_wconf 85' lang='lat' dir='ltr'>creditur,</span> <span class='ocrx_word' id='word_1_126' title='bbox 398 1964 514 2001; x_wconf 86' lang='lat' dir='ltr'>quam</span> <span class='ocrx_word' id='word_1_127' title='bbox 539 1950 579 1986; x_wconf 89' lang='lat' dir='ltr'>in</span> <span class='ocrx_word' id='word_1_128' title='bbox 608 1950 740 1986; x_wconf 76' lang='lat' dir='ltr'>Gallia</span> <span class='ocrx_word' id='word_1_129' title='bbox 768 1960 805 1987; x_wconf 86' lang='lat' dir='ltr'>et</span> <span class='ocrx_word' id='word_1_130' title='bbox 837 1950 994 2000; x_wconf 83' lang='lat' dir='ltr'>Anglia.</span> <span class='ocrx_word' id='word_1_131' title='bbox 1051 1951 1166 1990; x_wconf 89' lang='lat' dir='ltr'>Conf.</span> <span class='ocrx_word' id='word_1_132' title='bbox 1194 1952 1382 2001; x_wconf 78' lang='lat' dir='ltr'>VVargeu.</span> 
     </span>
    </p>
   </div>
   <div class='ocr_carea' id='block_1_6' title="bbox 17 2008 712 2060">
    <p class='ocr_par' dir='ltr' id='par_1_6' title="bbox 17 2008 712 2060">
     <span class='ocr_line' id='line_1_21' title="bbox 17 2008 712 2060; baseline -0.001 -13"><span class='ocrx_word' id='word_1_133' title='bbox 17 2030 22 2035; x_wconf 95' lang='lat'>·</span> <span class='ocrx_word' id='word_1_134' title='bbox 72 2011 238 2048; x_wconf 75' lang='lat' dir='ltr'>Memoir.</span> <span class='ocrx_word' id='word_1_135' title='bbox 263 2010 307 2060; x_wconf 63' lang='lat' dir='ltr'>(le</span> <span class='ocrx_word' id='word_1_136' title='bbox 325 2008 473 2045; x_wconf 78' lang='lat' dir='ltr'>I’Acad.</span> <span class='ocrx_word' id='word_1_137' title='bbox 497 2009 538 2044; x_wconf 84' lang='lat' dir='ltr'>de</span> <span class='ocrx_word' id='word_1_138' title='bbox 553 2009 712 2046; x_wconf 79' lang='lat' dir='ltr'>Stokolm.</span> 
     </span>
    </p>
   </div>
   <div class='ocr_carea' id='block_1_7' title="bbox 15 2066 1386 2359">
    <p class='ocr_par' dir='ltr' id='par_1_7' title="bbox 15 2066 1386 2359">
     <span class='ocr_line' id='line_1_22' title="bbox 129 2066 1384 2118; baseline 0.002 -12"><span class='ocrx_word' id='word_1_139' title='bbox 129 2069 162 2090; x_wconf 83' lang='lat'>¹⁶</span> <span class='ocrx_word' id='word_1_140' title='bbox 190 2069 237 2106; x_wconf 87' lang='lat' dir='ltr'>In</span> <span class='ocrx_word' id='word_1_141' title='bbox 255 2067 300 2105; x_wconf 83' lang='lat' dir='ltr'>iis</span> <span class='ocrx_word' id='word_1_142' title='bbox 320 2066 446 2113; x_wconf 89' lang='lat' dir='ltr'>etiam,</span> <span class='ocrx_word' id='word_1_143' title='bbox 481 2080 574 2118; x_wconf 84' lang='lat' dir='ltr'>quas</span> <span class='ocrx_word' id='word_1_144' title='bbox 594 2067 800 2104; x_wconf 83' lang='lat' dir='ltr'>Simsonius</span> <span class='ocrx_word' id='word_1_145' title='bbox 817 2068 997 2114; x_wconf 78' lang='lat' dir='ltr'>confecit,</span> <span class='ocrx_word' id='word_1_146' title='bbox 1014 2069 1171 2108; x_wconf 78' lang='lat' dir='ltr'>dimidia</span> <span class='ocrx_word' id='word_1_147' title='bbox 1186 2070 1384 2109; x_wconf 85' lang='lat' dir='ltr'>Natorum</span> 
     </span>
     <span class='ocr_line' id='line_1_23' title="bbox 75 2127 1386 2183; baseline 0.003 -17"><span class='ocrx_word' id='word_1_148' title='bbox 75 2143 162 2181; x_wconf 89' lang='lat' dir='ltr'>pars</span> <span class='ocrx_word' id='word_1_149' title='bbox 192 2139 279 2166; x_wconf 86' lang='lat' dir='ltr'>ante</span> <span class='ocrx_word' id='word_1_150' title='bbox 317 2127 472 2165; x_wconf 87' lang='lat' dir='ltr'>tertium</span> <span class='ocrx_word' id='word_1_151' title='bbox 520 2127 638 2165; x_wconf 82' lang='lat' dir='ltr'>aetatis</span> <span class='ocrx_word' id='word_1_152' title='bbox 677 2141 821 2165; x_wconf 88' lang='lat' dir='ltr'>annum</span> <span class='ocrx_word' id='word_1_153' title='bbox 862 2128 1120 2181; x_wconf 75' lang='lat' dir='ltr'>extinguitur.</span> <span class='ocrx_word' id='word_1_154' title='bbox 1192 2133 1386 2183; x_wconf 81' lang='lat' dir='ltr'>Qartam</span> 
     </span>
     <span class='ocr_line' id='line_1_24' title="bbox 15 2187 1385 2242; baseline 0.001 -15"><span class='ocrx_word' id='word_1_155' title='bbox 15 2188 24 2194; x_wconf 66' lang='lat'><strong><em>⁴</em></strong></span> <span class='ocrx_word' id='word_1_156' title='bbox 75 2189 246 2228; x_wconf 85' lang='lat' dir='ltr'>fimiliter</span> <span class='ocrx_word' id='word_1_157' title='bbox 280 2188 438 2227; x_wconf 80' lang='lat' dir='ltr'>humani</span> <span class='ocrx_word' id='word_1_158' title='bbox 478 2187 626 2238; x_wconf 85' lang='lat' dir='ltr'>generis</span> <span class='ocrx_word' id='word_1_159' title='bbox 666 2198 824 2238; x_wconf 79' lang='lat' dir='ltr'>partem,</span> <span class='ocrx_word' id='word_1_160' title='bbox 857 2202 954 2239; x_wconf 86' lang='lat' dir='ltr'>pene</span> <span class='ocrx_word' id='word_1_161' title='bbox 983 2189 1091 2240; x_wconf 86' lang='lat' dir='ltr'>prius</span> <span class='ocrx_word' id='word_1_162' title='bbox 1116 2205 1234 2242; x_wconf 88' lang='lat' dir='ltr'>quam</span> <span class='ocrx_word' id='word_1_163' title='bbox 1264 2190 1385 2230; x_wconf 86' lang='lat' dir='ltr'>vitam</span> 
     </span>
     <span class='ocr_line' id='line_1_25' title="bbox 73 2247 1385 2302; baseline 0.002 -16"><span class='ocrx_word' id='word_1_164' title='bbox 73 2247 323 2300; x_wconf 82' lang='lat' dir='ltr'>ingrediatur,</span> <span class='ocrx_word' id='word_1_165' title='bbox 355 2248 596 2293; x_wconf 87' lang='lat' dir='ltr'>occumbere,</span> <span class='ocrx_word' id='word_1_166' title='bbox 616 2247 847 2300; x_wconf 81' lang='lat' dir='ltr'>tertiamque</span> <span class='ocrx_word' id='word_1_167' title='bbox 866 2248 1003 2295; x_wconf 86' lang='lat' dir='ltr'>adhuc,</span> <span class='ocrx_word' id='word_1_168' title='bbox 1026 2259 1230 2302; x_wconf 86' lang='lat' dir='ltr'>antequam</span> <span class='ocrx_word' id='word_1_169' title='bbox 1257 2251 1385 2290; x_wconf 85' lang='lat' dir='ltr'>secun-</span> 
     </span>
     <span class='ocr_line' id='line_1_26' title="bbox 75 2306 1386 2359; baseline 0.002 -13"><span class='ocrx_word' id='word_1_170' title='bbox 75 2309 169 2346; x_wconf 87' lang='lat' dir='ltr'>dum</span> <span class='ocrx_word' id='word_1_171' title='bbox 188 2306 308 2344; x_wconf 80' lang='lat' dir='ltr'>aetatis</span> <span class='ocrx_word' id='word_1_172' title='bbox 327 2319 468 2343; x_wconf 88' lang='lat' dir='ltr'>annum</span> <span class='ocrx_word' id='word_1_173' title='bbox 487 2306 663 2356; x_wconf 80' lang='lat' dir='ltr'>attingat,</span> <span class='ocrx_word' id='word_1_174' title='bbox 695 2321 791 2359; x_wconf 84' lang='lat' dir='ltr'>quas</span> <span class='ocrx_word' id='word_1_175' title='bbox 818 2309 1039 2358; x_wconf 81' lang='lat' dir='ltr'>supputavit</span> <span class='ocrx_word' id='word_1_176' title='bbox 1053 2310 1266 2357; x_wconf 71' lang='lat' dir='ltr'>Bussenius,</span> <span class='ocrx_word' id='word_1_177' title='bbox 1286 2324 1386 2348; x_wconf 88' lang='lat' dir='ltr'>mor-</span> 
     </span>
    </p>
   </div>
   <div class='ocr_carea' id='block_1_8' title="bbox 0 2366 1385 2419">
    <p class='ocr_par' dir='ltr' id='par_1_8' title="bbox 0 2366 1385 2419">
     <span class='ocr_line' id='line_1_27' title="bbox 0 2366 1385 2419; baseline 0.002 -14"><span class='ocrx_word' id='word_1_178' title='bbox 0 2401 1 2405; x_wconf 65' lang='lat'>,</span> <span class='ocrx_word' id='word_1_179' title='bbox 75 2366 236 2405; x_wconf 83' lang='lat' dir='ltr'>talitatis</span> <span class='ocrx_word' id='word_1_180' title='bbox 265 2366 534 2416; x_wconf 81' lang='lat' dir='ltr'>progreffiones</span> <span class='ocrx_word' id='word_1_181' title='bbox 557 2378 723 2405; x_wconf 83' lang='lat' dir='ltr'>monent.</span> <span class='ocrx_word' id='word_1_182' title='bbox 780 2366 1003 2418; x_wconf 84' lang='lat' dir='ltr'>Cujusmodi</span> <span class='ocrx_word' id='word_1_183' title='bbox 1039 2369 1176 2419; x_wconf 82' lang='lat' dir='ltr'>ingens</span> <span class='ocrx_word' id='word_1_184' title='bbox 1195 2369 1262 2408; x_wconf 83' lang='lat' dir='ltr'>vix</span> <span class='ocrx_word' id='word_1_185' title='bbox 1277 2381 1385 2409; x_wconf 83' lang='lat' dir='ltr'>nato-</span> 
     </span>
    </p>
   </div>
   <div class='ocr_carea' id='block_1_9' title="bbox 77 2424 1400 2826">
    <p class='ocr_par' dir='ltr' id='par_1_9' title="bbox 77 2424 1400 2826">
     <span class='ocr_line' id='line_1_28' title="bbox 77 2424 1386 2482; baseline 0.002 -17"><span class='ocrx_word' id='word_1_186' title='bbox 77 2440 162 2465; x_wconf 87' lang='lat' dir='ltr'>rum</span> <span class='ocrx_word' id='word_1_187' title='bbox 182 2424 404 2471; x_wconf 81' lang='lat' dir='ltr'>mortalitas,</span> <span class='ocrx_word' id='word_1_188' title='bbox 438 2425 685 2476; x_wconf 85' lang='lat' dir='ltr'>Nigritarum</span> <span class='ocrx_word' id='word_1_189' title='bbox 716 2426 960 2464; x_wconf 74' lang='lat' dir='ltr'>consimiliter</span> <span class='ocrx_word' id='word_1_190' title='bbox 995 2427 1058 2475; x_wconf 89' lang='lat' dir='ltr'>est,</span> <span class='ocrx_word' id='word_1_191' title='bbox 1083 2443 1251 2480; x_wconf 86' lang='lat' dir='ltr'>quorum</span> <span class='ocrx_word' id='word_1_192' title='bbox 1281 2443 1386 2482; x_wconf 86' lang='lat' dir='ltr'>mag-</span> 
     </span>
     <span class='ocr_line' id='line_1_29' title="bbox 77 2484 1386 2535; baseline 0.002 -12"><span class='ocrx_word' id='word_1_193' title='bbox 77 2499 170 2524; x_wconf 87' lang='lat' dir='ltr'>num</span> <span class='ocrx_word' id='word_1_194' title='bbox 189 2498 393 2523; x_wconf 83' lang='lat' dir='ltr'>numerum</span> <span class='ocrx_word' id='word_1_195' title='bbox 416 2484 482 2522; x_wconf 86' lang='lat' dir='ltr'>sub</span> <span class='ocrx_word' id='word_1_196' title='bbox 510 2485 632 2535; x_wconf 90' lang='lat' dir='ltr'>primo</span> <span class='ocrx_word' id='word_1_197' title='bbox 650 2486 740 2522; x_wconf 78' lang='lat' dir='ltr'>vitae</span> <span class='ocrx_word' id='word_1_198' title='bbox 770 2485 899 2522; x_wconf 82' lang='lat' dir='ltr'>limine</span> <span class='ocrx_word' id='word_1_199' title='bbox 920 2485 1098 2524; x_wconf 86' lang='lat' dir='ltr'>Trismus</span> <span class='ocrx_word' id='word_1_200' title='bbox 1118 2489 1218 2526; x_wconf 78' lang='lat' dir='ltr'>Mal.</span> <span class='ocrx_word' id='word_1_201' title='bbox 1238 2489 1280 2533; x_wconf 58' lang='lat' dir='ltr'>de</span> <span class='ocrx_word' id='word_1_202' title='bbox 1297 2491 1386 2527; x_wconf 85' lang='lat' dir='ltr'>Ma-</span> 
     </span>
     <span class='ocr_line' id='line_1_30' title="bbox 78 2543 1388 2600; baseline 0.001 -17"><span class='ocrx_word' id='word_1_203' title='bbox 78 2545 193 2583; x_wconf 83' lang='lat' dir='ltr'>choire</span> <span class='ocrx_word' id='word_1_204' title='bbox 222 2545 444 2589; x_wconf 84' lang='lat' dir='ltr'>Gallorum,</span> <span class='ocrx_word' id='word_1_205' title='bbox 471 2543 641 2595; x_wconf 78' lang='lat' dir='ltr'>jugulat.</span> <span class='ocrx_word' id='word_1_206' title='bbox 675 2545 788 2582; x_wconf 84' lang='lat' dir='ltr'>Conf.</span> <span class='ocrx_word' id='word_1_207' title='bbox 817 2544 940 2596; x_wconf 74' lang='lat' dir='ltr'>Bajon</span> <span class='ocrx_word' id='word_1_208' title='bbox 959 2547 1070 2585; x_wconf 77' lang='lat' dir='ltr'>Mem.</span> <span class='ocrx_word' id='word_1_209' title='bbox 1090 2557 1184 2600; x_wconf 83' lang='lat' dir='ltr'>pour</span> <span class='ocrx_word' id='word_1_210' title='bbox 1201 2550 1333 2598; x_wconf 77' lang='lat' dir='ltr'>strvir</span> <span class='ocrx_word' id='word_1_211' title='bbox 1363 2563 1388 2584; x_wconf 73' lang='lat' dir='ltr'>a</span> 
     </span>
     <span class='ocr_line' id='line_1_31' title="bbox 77 2604 1387 2658; baseline -0.001 -14"><span class='ocrx_word' id='word_1_212' title='bbox 77 2606 205 2655; x_wconf 68' lang='lat' dir='ltr'><em>I’Hgst.</em></span> <span class='ocrx_word' id='word_1_213' title='bbox 243 2607 282 2642; x_wconf 80' lang='lat' dir='ltr'>de</span> <span class='ocrx_word' id='word_1_214' title='bbox 315 2607 482 2656; x_wconf 71' lang='lat' dir='ltr'>Cayemze.</span> <span class='ocrx_word' id='word_1_215' title='bbox 541 2605 772 2644; x_wconf 83' lang='lat' dir='ltr'>Rationibus</span> <span class='ocrx_word' id='word_1_216' title='bbox 816 2604 930 2644; x_wconf 79' lang='lat' dir='ltr'>etiam</span> <span class='ocrx_word' id='word_1_217' title='bbox 963 2606 1168 2658; x_wconf 78' lang='lat' dir='ltr'>diligenter</span> <span class='ocrx_word' id='word_1_218' title='bbox 1192 2607 1387 2646; x_wconf 61' lang='lat' dir='ltr'>subductis</span> 
     </span>
     <span class='ocr_line' id='line_1_32' title="bbox 81 2666 1400 2719; baseline -0.004 -13"><span class='ocrx_word' id='word_1_219' title='bbox 81 2669 210 2719; x_wconf 80' lang='lat' dir='ltr'>plures</span> <span class='ocrx_word' id='word_1_220' title='bbox 231 2667 346 2704; x_wconf 71' lang='lat' dir='ltr'>foetus</span> <span class='ocrx_word' id='word_1_221' title='bbox 375 2666 528 2716; x_wconf 83' lang='lat' dir='ltr'>deperdi</span> <span class='ocrx_word' id='word_1_222' title='bbox 548 2681 663 2718; x_wconf 83' lang='lat' dir='ltr'>quarn</span> <span class='ocrx_word' id='word_1_223' title='bbox 697 2668 743 2704; x_wconf 81' lang='lat' dir='ltr'>ad</span> <span class='ocrx_word' id='word_1_224' title='bbox 769 2677 922 2717; x_wconf 85' lang='lat' dir='ltr'>partum</span> <span class='ocrx_word' id='word_1_225' title='bbox 940 2667 1153 2717; x_wconf 86' lang='lat' dir='ltr'>legitimum</span> <span class='ocrx_word' id='word_1_226' title='bbox 1186 2666 1400 2718; x_wconf 48' lang='lat' dir='ltr'>reservam,</span> 
     </span>
     <span class='ocr_line' id='line_1_33' title="bbox 81 2726 1378 2823; baseline 0.002 -58"><span class='ocrx_word' id='word_1_227' title='bbox 81 2726 231 2772; x_wconf 73' lang='lat' dir='ltr'>dixerat</span> <span class='ocrx_word' id='word_1_228' title='bbox 250 2727 460 2765; x_wconf 69' lang='lat' dir='ltr'>Mercatus.</span> <span class='ocrx_word' id='word_1_229' title='bbox 490 2729 549 2765; x_wconf 83' lang='lat' dir='ltr'>De</span> <span class='ocrx_word' id='word_1_230' title='bbox 562 2729 656 2766; x_wconf 69' lang='lat' dir='ltr'>Mal.</span> <span class='ocrx_word' id='word_1_231' title='bbox 676 2727 808 2779; x_wconf 38' lang='lat' dir='ltr'>affici.</span> <span class='ocrx_word' id='word_1_232' title='bbox 838 2727 924 2766; x_wconf 77' lang='lat' dir='ltr'>Lib.</span> <span class='ocrx_word' id='word_1_233' title='bbox 945 2727 1020 2766; x_wconf 88' lang='lat' dir='ltr'>IV.</span> <span class='ocrx_word' id='word_1_234' title='bbox 1079 2774 1083 2780; x_wconf 24' lang='grc' dir='ltr'>ι</span> <span class='ocrx_word' id='word_1_235' title='bbox 1227 2778 1236 2787; x_wconf 34' lang='grc' dir='ltr'><strong><em>ο</em></strong></span> <span class='ocrx_word' id='word_1_236' title='bbox 1333 2776 1378 2823; x_wconf 43' lang='grc' dir='ltr'>ἃ.</span> 
     </span>
     <span class='ocr_line' id='line_1_34' title="bbox 379 2793 1380 2826; baseline 0 -2"><span class='ocrx_word' id='word_1_237' title='bbox 379 2799 381 2801; x_wconf 85' lang='grc'><strong>’</strong></span> <span class='ocrx_word' id='word_1_238' title='bbox 1192 2793 1330 2826; x_wconf 69' lang='lat' dir='ltr'>VlVCss</span> <span class='ocrx_word' id='word_1_239' title='bbox 1366 2794 1380 2824; x_wconf 85' lang='lat'>1</span> 
     </span>
    </p>
   </div>
  </div>
 </body>
</html>
