1871 3211
486 256 625 306 106-
713 255 830 305 DE
880 255 1083 305 2V1T.
1150 253 1540 304 PERIOD.

556 405 631 441 10.
669 389 886 438 Profecto
909 389 1171 437 verosimile
1196 388 1259 436 est
1291 404 1594 436 communem
1618 379 1773 436 aerem

483 465 634 511 multa
657 465 940 527 procedente
960 463 1113 518 nocte,
1139 475 1186 510 et
1210 463 1290 510 sub
1314 465 1460 521 diem,
1484 465 1775 527 potisfimum

468 536 713 586 defaecari.
784 536 900 600 Ejus
925 536 1147 583 nimirum
1167 552 1288 598 pars,
1321 554 1463 600 quam
1487 538 1629 584 fixam
1655 536 1774 584 Chi-

480 612 593 659 mici
628 625 815 670 vocant,
857 611 1034 659 caeteris
1078 610 1195 656 aeris
1235 611 1529 672 portionibus
1568 611 1773 674 gravior,
1844 660 1846 663 ,

478 703 564 750 per
587 686 774 733 noctem
798 686 843 732 in
864 699 1033 731 terram
1049 684 1210 748 aqueis
1228 685 1480 748 vaporibus
1506 687 1771 733 commixta

477 760 676 823 depluit,
716 759 769 805 iis
791 759 1081 820 potiffimum
1108 758 1154 804 in
1179 758 1315 813 locis,
1354 775 1557 822 quorum
1581 758 1771 805 uberior

479 847 528 879 et
574 833 717 878 ditior
756 832 820 877 est
861 832 1123 894 vegetatio:
1163 831 1429 896 iterumque
1477 848 1610 895 aquae
1657 848 1774 879 con·
1844 824 1850 835 ’Χ

470 905 632 970 juncta
673 919 719 951 et
766 906 924 951 debite
971 919 1220 951 extenuata
1261 905 1307 951 in
1336 907 1544 954 alibilem
1579 905 1775 954 fortassis

477 983 742 1044 plantarum
768 977 958 1025 succum
984 979 1172 1024 tranfit:
1211 979 1476 1042 exindeque
1516 981 1770 1028 nocturnus

477 1051 729 1099 decubitus
753 1050 807 1096 iis
833 1051 879 1097 in
906 1052 1038 1107 locis,
1059 1051 1141 1096 sub
1162 1051 1241 1097 dio
1267 1052 1438 1099 malus.
1465 1052 1641 1099 Contra
1659 1069 1772 1100 vero

477 1123 761 1190 phlogistici‚
804 1137 851 1171 et
874 1124 1233 1171 inflammabiles
1259 1124 1428 1170 halitus
1450 1137 1609 1189 utpote
1636 1125 1774 1172 levis-

475 1196 578 1243 fimi
595 1197 785 1253 sursum,
809 1198 855 1245 in
882 1197 1127 1262 supernam
1149 1198 1262 1245 aeris
1281 1198 1521 1261 regionem
1545 1197 1774 1255 feruntur,

475 1270 660 1333 pluvias
694 1272 916 1335 deinceps
954 1285 1001 1317 et
1036 1285 1268 1319 meteoras
1295 1271 1624 1335 depblogistici
1642 1272 1772 1330 aeris,

478 1357 526 1390 et
572 1345 888 1392 electricitatis
921 1345 1186 1392 interventu
1229 1345 1471 1392 effe&uri:
1508 1361 1652 1408 quare
1689 1347 1769 1409 qui

479 1419 663 1465 medios
705 1420 1026 1483 atmosphaerae
1069 1421 1258 1476 trachis,
1306 1420 1388 1466 sub
1442 1421 1595 1466 multa
1641 1419 1771 1483 jam-

478 1507 572 1554 que
597 1493 748 1548 nocte,
785 1510 860 1539 aer
883 1507 1100 1556 occupat,
1119 1495 1267 1542 modo
1287 1494 1546 1556 peculiares
1569 1494 1772 1542 circum·-

477 1566 646 1613 stantes
673 1568 840 1615 cauffae
862 1569 1226 1633 haudquaquam
1250 1569 1473 1625 officiant,
1516 1570 1675 1632 purior
1702 1568 1773 1617 ef·

477 1640 636 1686 ficitur
661 1655 704 1687 et
724 1643 1024 1690 deffaecatior.
1089 1646 1335 1710 Qantum
1356 1644 1529 1690 etenim
1548 1645 1774 1691 nocturna

474 1716 812 1778 vegetabilium
849 1718 1134 1781 perspiratio‚
1171 1718 1504 1781 mephiticum,
1542 1731 1588 1764 et
1619 1719 1770 1766 laethi·

476 1787 645 1847 ferum,
691 1792 758 1838 uti
786 1792 1006 1848 creditur,
1058 1809 1209 1838 aerem
1229 1791 1246 1814 ⁶
1273 1792 1487 1854 proferat,
1524 1793 1672 1840 multa
1696 1807 1770 1840 ta-

476 1877 585 1908 men
626 1865 835 1927 undique
876 1865 1102 1926 depluens
1144 1865 1338 1910 humida
1372 1881 1481 1920 nox,
1525 1878 1770 1929 corruptos

477 1934 647 1981 halitus
674 1937 824 1982 rursus
862 1936 907 1983 in
935 1950 1105 1982 terram
1132 1937 1316 1999 regerit,
1354 1936 1483 2000 iique
1509 1954 1566 1984 ne
1590 1937 1768 2001 superi-

476 2023 609 2054 orem
634 2026 785 2055 aerem
812 2010 1038 2066 inficiant,
1061 2010 1405 2073 impedimento
1437 2011 1518 2057 est.
1581 2013 1768 2076 Qam·

476 2098 622 2145 quam
648 2083 872 2130 credibile
911 2084 973 2130 est
1006 2084 1145 2131 etiam
1172 2086 1512 2146 vegetabilium
1536 2086 1766 2152 perspira-

474 2158 655 2204 tionem
689 2174 772 2221 per
797 2159 1000 2214 noctem,
1041 2159 1247 2205 similiter
1289 2173 1429 2222 atque
1472 2159 1764 2218 animalium,

475 2231 639 2288 minui,
667 2230 926 2294 cujusmodi
947 2233 1006 2278 ab
1027 2245 1333 2294 utrorumque
1358 2232 1518 2279 somno
1544 2234 1764 2292 caussam,

475 2306 633 2368 paucis
658 2303 1023 2368 postinterjectis
1048 2306 1362 2353 tractabimus.
1409 2308 1638 2354 Praeterea
1663 2309 1764 2355 ani-

477 2383 672 2428 malium
715 2397 908 2445 quoque
943 2380 1126 2438 halitus,
1167 2380 1292 2428 unde
1332 2381 1535 2445 plurima
1574 2381 1621 2428 in
1661 2398 1764 2430 aere

520 2587 537 2607 ⁶
563 2579 877 2635 L'Evaporation
905 2586 1069 2624 nodat-ne
1097 2586 1154 2623 des
1170 2586 1316 2624 Plantes
1339 2585 1387 2634 est
1414 2587 1444 2622 le
1466 2587 1588 2637 pmson
1599 2586 1681 2637 plus
1707 2599 1767 2621 ac-

470 2643 558 2687 tive,
590 2644 651 2691 qui
667 2640 785 2689 existe.
814 2642 977 2691 Inghen.
998 2645 1106 2683 Hou.
1122 2645 1282 2683 Lettrea
1300 2647 1382 2683 ΜΓ.
1402 2645 1581 2685 Molitor.

1589 2717 1758 2766 diurno

1854 2618 1871 2672 ἰ,
