1871 3211
398 292 1387 367 CAUSSIS.162

98 434 205 484 ,στω
231 424 459 482 sustineat,
486 427 744 491 exindeque
771 427 818 474 in
838 424 1094 481 embrione,
1116 426 1307 483 cerebri,
1335 442 1382 476 et

100 499 284 564 spinalis
310 502 547 558 medullae,
583 502 831 566 plusquam
863 514 1137 549 caeterarum
1161 501 1384 563 partium,

99 571 236 618 facile
261 573 508 636 conspicua
532 574 743 638 vestigia.
799 575 896 622 Cor
919 572 1075 629 etiam,
1102 571 1259 618 habita
1282 589 1388 620 cor-

98 644 227 707 poris
250 645 418 711 reliqui
444 647 641 704 ratione,
669 647 948 694 maximum.
1020 644 1137 690 Huc
1162 643 1275 691 facit
1298 647 1385 693 du-

99 714 215 761 dum
262 719 540 767 anatomicis
587 717 634 766 in
693 732 943 781 utramque
987 728 1168 779 partem
1215 717 1390 779 agitata

95 790 309 853 quaestio,
337 792 396 839 de
420 792 547 841 varia
572 791 672 856 ejus
707 791 1084 840 ventriculorum
1109 791 1386 852 capacitate.

97 864 312 912 Omnino
336 868 511 914 etenim
537 867 584 913 in
611 868 766 924 Foetu‚
793 879 839 913 et
863 865 1031 920 adhuc,
1060 863 1190 927 quod
1216 865 1312 913 vidi
1338 866 1386 916 in

99 935 303 995 Infante,
328 939 491 986 dexter
510 942 794 988 ventriculus
822 939 1096 987 contra&ior
1114 939 1176 985 est
1196 937 1389 995 sinistro,

99 1012 165 1061 ob
190 1012 421 1061 minorem
438 1012 673 1077 sanguinis
691 1014 900 1069 maffam,
925 1029 1034 1077 quae
1058 1012 1214 1059 hiante
1235 1011 1388 1061 adhuc

100 1086 227 1132 ovali
253 1085 477 1134 foramine
502 1089 550 1136 in
576 1088 818 1144 sinistrum,
845 1088 1008 1134 dextro
1034 1086 1279 1149 insalutato
1305 1101 1391 1147 ρει-

99 1172 267 1208 netrat.
338 1163 498 1225 Qare
521 1162 570 1210 in
602 1161 784 1220 summa
814 1160 1036 1216 Infantia,
1070 1159 1152 1223 qui
1192 1158 1391 1206 anterior

99 1232 180 1297 cst,
207 1235 300 1282 five
324 1234 508 1292 finister,
551 1234 645 1282 fere
679 1237 724 1283 in
762 1236 913 1282 cordis
938 1235 1122 1297 apicem
1148 1232 1390 1295 protendi-

99 1316 192 1362 tur,
233 1321 394 1354 contra
435 1325 579 1373 quam
615 1308 804 1356 homine
836 1307 1036 1372 jamque
1083 1305 1389 1363 adolescente,

100 1381 226 1428 ovali
267 1380 496 1429 foramine
544 1382 744 1447 prorsus,
788 1396 834 1430 et
878 1384 1076 1430 omnino
1116 1380 1388 1428 obcoecato.

102 1456 486 1504 Numerofiffima
505 1458 647 1504 etiam
666 1474 752 1522 pro
771 1470 907 1505 aetate
927 1456 1048 1514 vasa,
1067 1454 1281 1501 arteriosa
1299 1455 1390 1501 im—

101 1529 285 1595 primi3‚
313 1531 614 1597 confertaque
639 1531 1041 1596 lymphaticorurn
1066 1526 1215 1591 copia,
1256 1528 1390 1578 exin·-

101 1603 258 1675 gdeque
282 1603 500 1657 ditiffima
523 1604 774 1663 absorbtio.

173 1769 250 1816 13·
270 1751 430 1809 Quare
452 1755 644 1805 cerebro
659 1772 705 1804 et
721 1756 878 1815 corde,
898 1754 1121 1817 insignius
1137 1769 1280 1818 quam
1297 1751 1395 1804 ulla

99 1827 258 1892 Postea
280 1843 433 1887 aetate,
459 1829 800 1893 praestantibus,
817 1831 860 1876 V
866 1831 942 1876 itae
965 1828 1033 1874 vis
1062 1827 1108 1873 in
1126 1823 1393 1872 universum

101 1903 310 1965 egregia,
337 1918 390 1949 ut
409 1920 570 1952 revera
589 1904 823 1953 diriffimis
848 1901 1095 1965 aliquando
1115 1899 1290 1945 morbis
1310 1897 1393 1944 In-

101 1973 247 2025 fantes
268 1976 505 2039 supersmt,
523 1992 644 2039 quos
664 1989 790 2022 certa
810 1977 963 2030 Mors,
990 1973 1082 2019 alio
1105 1971 1229 2020 Vitae
1251 1971 1394 2018 stadio

102 2056 501 2112 praetercur‘rente‚
529 2048 759 2096 finivisset.
812 2049 884 2096 Ea
908 2045 1211 2094 nihilominus
1241 2045 1394 2094 infan-

103 2125 198 2173 tilis
220 2118 366 2175 aetatis
391 2125 600 2173 conditio
624 2125 701 2180 est,
740 2139 792 2171 ut
818 2125 937 2171 inter
960 2123 1244 2186 exquisitum
1273 2121 1395 2184 ejus-

104 2201 234 2249 modi
251 2201 373 2248 Vit'ae
393 2200 588 2255 sensum,
616 2200 860 2247 minimam
878 2213 1034 2246 tamen
1053 2197 1252 2244 habeant
1269 2197 1396 2243 Vitae

105 2267 437 2322 tenacitatem:
471 2290 611 2338 quare
630 2288 865 2329 motuum,
886 2274 1068 2336 suaeque
1093 2270 1394 2317 contrarieta-

105 2361 203 2396 tem
229 2348 421 2395 aetionis
461 2347 597 2395 facile
630 2349 886 2412 patiuntur,
927 2345 1230 2410 proindeque
1261 2345 1397 2390 tertia

107 2407 379 2498 mortalium
425 2438 546 2501 pars,
578 2422 658 2470 vix
700 2422 850 2470 adhuc
891 2419 1181 2469 incunabulis
1224 2418 1396 2484 egressa

106 2498 250 2567 perit.
1262 2506 1263 2510 ¹

182 2666 258 2708 14.
296 2651 432 2698 Patet
455 2650 613 2713 igitur,
647 2666 743 2713 quo
768 2650 891 2698 sensu
919 2648 1176 2698 Infantium
1201 2660 1396 2709 corpora

108 2724 362 2802 flebilitatis
387 2723 636 2796 incusanda
665 2725 784 2772 sunt,
857 2725 1027 2772 Omnis
1067 2721 1291 2786 siquidem
1316 2733 1395 2763 eo—

1294 2807 1398 2838 rum
