<?xml version="1.0" encoding="UTF-8"?>
<!DOCTYPE html PUBLIC "-//W3C//DTD XHTML 1.0 Transitional//EN"
    "http://www.w3.org/TR/xhtml1/DTD/xhtml1-transitional.dtd">
<html xmlns="http://www.w3.org/1999/xhtml" xml:lang="en" lang="en">
 <head>
  <title>
</title>
<meta http-equiv="Content-Type" content="text/html;charset=utf-8" />
  <meta name='ocr-system' content='tesseract 3.04.00' />
  <meta name='ocr-capabilities' content='ocr_page ocr_carea ocr_par ocr_line ocrx_word'/>
</head>
<body>
  <div class='ocr_page' id='page_1' title='image "./devitalibusperio02testuoft_0021.png"; bbox 0 0 1871 3211; ppageno 0'>
   <div class='ocr_carea' id='block_1_1' title="bbox 434 248 1435 316">
    <p class='ocr_par' dir='ltr' id='par_1_1' title="bbox 434 248 1435 316">
     <span class='ocr_line' id='line_1_1' title="bbox 434 248 1435 316; baseline -0.006 -16"><span class='ocrx_word' id='word_1_1' title='bbox 434 248 1139 300; x_wconf 87' lang='lat' dir='ltr'>sANoRUM.</span> <span class='ocrx_word' id='word_1_2' title='bbox 1411 266 1435 316; x_wconf 89' lang='lat'>7</span> 
     </span>
    </p>
   </div>
   <div class='ocr_carea' id='block_1_2' title="bbox 141 381 1445 1117">
    <p class='ocr_par' dir='ltr' id='par_1_2' title="bbox 141 381 1445 1117">
     <span class='ocr_line' id='line_1_2' title="bbox 147 381 1431 451; baseline -0.002 -16"><span class='ocrx_word' id='word_1_3' title='bbox 147 403 241 444; x_wconf 90' lang='lat' dir='ltr'>nes,</span> <span class='ocrx_word' id='word_1_4' title='bbox 267 384 593 451; x_wconf 85' lang='lat' dir='ltr'>imprimisque</span> <span class='ocrx_word' id='word_1_5' title='bbox 626 385 933 434; x_wconf 88' lang='lat' dir='ltr'>Pulmonum.</span> <span class='ocrx_word' id='word_1_6' title='bbox 1006 384 1118 431; x_wconf 91' lang='lat' dir='ltr'>Hos</span> <span class='ocrx_word' id='word_1_7' title='bbox 1142 381 1371 445; x_wconf 75' lang='lat' dir='ltr'>siquidem</span> <span class='ocrx_word' id='word_1_8' title='bbox 1403 402 1431 432; x_wconf 84' lang='lat' dir='ltr'>a</span> 
     </span>
     <span class='ocr_line' id='line_1_3' title="bbox 145 455 1436 521; baseline -0.003 -13"><span class='ocrx_word' id='word_1_9' title='bbox 145 460 306 508; x_wconf 90' lang='lat' dir='ltr'>somno</span> <span class='ocrx_word' id='word_1_10' title='bbox 329 460 510 508; x_wconf 87' lang='lat' dir='ltr'>alterari</span> <span class='ocrx_word' id='word_1_11' title='bbox 536 461 618 509; x_wconf 85' lang='lat' dir='ltr'>vix</span> <span class='ocrx_word' id='word_1_12' title='bbox 650 459 852 507; x_wconf 90' lang='lat' dir='ltr'>dubium</span> <span class='ocrx_word' id='word_1_13' title='bbox 877 459 955 516; x_wconf 90' lang='lat' dir='ltr'>est,</span> <span class='ocrx_word' id='word_1_14' title='bbox 981 455 1236 521; x_wconf 79' lang='lat' dir='ltr'>copiosiore</span> <span class='ocrx_word' id='word_1_15' title='bbox 1267 456 1314 503; x_wconf 87' lang='lat' dir='ltr'>in</span> <span class='ocrx_word' id='word_1_16' title='bbox 1340 473 1436 514; x_wconf 88' lang='lat' dir='ltr'>eos,</span> 
     </span>
     <span class='ocr_line' id='line_1_4' title="bbox 141 530 1437 598; baseline -0.003 -18"><span class='ocrx_word' id='word_1_17' title='bbox 141 532 293 580; x_wconf 87' lang='lat' dir='ltr'>somni</span> <span class='ocrx_word' id='word_1_18' title='bbox 319 547 549 598; x_wconf 88' lang='lat' dir='ltr'>tempore,</span> <span class='ocrx_word' id='word_1_19' title='bbox 585 534 757 598; x_wconf 85' lang='lat' dir='ltr'>pituita</span> <span class='ocrx_word' id='word_1_20' title='bbox 797 533 1086 598; x_wconf 89' lang='lat' dir='ltr'>depluente:</span> <span class='ocrx_word' id='word_1_21' title='bbox 1129 544 1182 577; x_wconf 89' lang='lat' dir='ltr'>ut</span> <span class='ocrx_word' id='word_1_22' title='bbox 1205 530 1437 594; x_wconf 85' lang='lat' dir='ltr'>plurimo-</span> 
     </span>
     <span class='ocr_line' id='line_1_5' title="bbox 142 602 1439 671; baseline -0.004 -17"><span class='ocrx_word' id='word_1_23' title='bbox 142 622 248 654; x_wconf 86' lang='lat' dir='ltr'>rum</span> <span class='ocrx_word' id='word_1_24' title='bbox 263 607 444 671; x_wconf 88' lang='lat' dir='ltr'>prorsus</span> <span class='ocrx_word' id='word_1_25' title='bbox 465 609 534 666; x_wconf 88' lang='lat' dir='ltr'>fit,</span> <span class='ocrx_word' id='word_1_26' title='bbox 559 607 640 655; x_wconf 85' lang='lat' dir='ltr'>vix</span> <span class='ocrx_word' id='word_1_27' title='bbox 661 605 1019 670; x_wconf 61' lang='lat' dir='ltr'>expergefaetos</span> <span class='ocrx_word' id='word_1_28' title='bbox 1037 606 1264 661; x_wconf 85' lang='lat' dir='ltr'>extuffire,</span> <span class='ocrx_word' id='word_1_29' title='bbox 1289 602 1439 650; x_wconf 90' lang='lat' dir='ltr'>screa-</span> 
     </span>
     <span class='ocr_line' id='line_1_6' title="bbox 141 675 1440 745; baseline -0.005 -17"><span class='ocrx_word' id='word_1_30' title='bbox 141 679 309 744; x_wconf 89' lang='lat' dir='ltr'>tusque</span> <span class='ocrx_word' id='word_1_31' title='bbox 348 681 651 730; x_wconf 88' lang='lat' dir='ltr'>emmittere:</span> <span class='ocrx_word' id='word_1_32' title='bbox 693 681 825 745; x_wconf 90' lang='lat' dir='ltr'>quod</span> <span class='ocrx_word' id='word_1_33' title='bbox 872 695 1037 727; x_wconf 88' lang='lat' dir='ltr'>eorum</span> <span class='ocrx_word' id='word_1_34' title='bbox 1079 676 1313 741; x_wconf 83' lang='lat' dir='ltr'>imprimis</span> <span class='ocrx_word' id='word_1_35' title='bbox 1359 675 1440 734; x_wconf 89' lang='lat' dir='ltr'>est,</span> 
     </span>
     <span class='ocr_line' id='line_1_7' title="bbox 142 751 1442 818; baseline -0.003 -17"><span class='ocrx_word' id='word_1_36' title='bbox 142 770 262 818; x_wconf 90' lang='lat' dir='ltr'>quos</span> <span class='ocrx_word' id='word_1_37' title='bbox 287 755 468 804; x_wconf 87' lang='lat' dir='ltr'>Pituita</span> <span class='ocrx_word' id='word_1_38' title='bbox 501 756 698 804; x_wconf 84' lang='lat' dir='ltr'>obsidet.</span> <span class='ocrx_word' id='word_1_39' title='bbox 771 754 864 802; x_wconf 77' lang='lat' dir='ltr'>Sed</span> <span class='ocrx_word' id='word_1_40' title='bbox 897 767 943 801; x_wconf 90' lang='lat' dir='ltr'>et</span> <span class='ocrx_word' id='word_1_41' title='bbox 967 753 1232 801; x_wconf 89' lang='lat' dir='ltr'>cumulatus</span> <span class='ocrx_word' id='word_1_42' title='bbox 1258 751 1442 798; x_wconf 88' lang='lat' dir='ltr'>narium</span> 
     </span>
     <span class='ocr_line' id='line_1_8' title="bbox 143 828 1445 895; baseline -0.002 -19"><span class='ocrx_word' id='word_1_43' title='bbox 143 844 329 889; x_wconf 88' lang='lat' dir='ltr'>mueus,</span> <span class='ocrx_word' id='word_1_44' title='bbox 364 830 669 895; x_wconf 88' lang='lat' dir='ltr'>meiendique</span> <span class='ocrx_word' id='word_1_45' title='bbox 708 841 754 876; x_wconf 93' lang='lat' dir='ltr'>et</span> <span class='ocrx_word' id='word_1_46' title='bbox 791 828 1037 893; x_wconf 87' lang='lat' dir='ltr'>dejiciendi</span> <span class='ocrx_word' id='word_1_47' title='bbox 1063 829 1322 886; x_wconf 86' lang='lat' dir='ltr'>neceffitas,</span> <span class='ocrx_word' id='word_1_48' title='bbox 1360 841 1445 873; x_wconf 86' lang='lat' dir='ltr'>ex-</span> 
     </span>
     <span class='ocr_line' id='line_1_9' title="bbox 145 900 1443 966; baseline -0.002 -17"><span class='ocrx_word' id='word_1_49' title='bbox 145 902 372 952; x_wconf 84' lang='lat' dir='ltr'>citantem</span> <span class='ocrx_word' id='word_1_50' title='bbox 406 921 433 951; x_wconf 87' lang='lat' dir='ltr'>a</span> <span class='ocrx_word' id='word_1_51' title='bbox 471 904 638 952; x_wconf 90' lang='lat' dir='ltr'>somno</span> <span class='ocrx_word' id='word_1_52' title='bbox 673 904 914 951; x_wconf 87' lang='lat' dir='ltr'>stimulum</span> <span class='ocrx_word' id='word_1_53' title='bbox 939 901 1101 950; x_wconf 88' lang='lat' dir='ltr'>multis</span> <span class='ocrx_word' id='word_1_54' title='bbox 1126 901 1344 966; x_wconf 89' lang='lat' dir='ltr'>pariunt:</span> <span class='ocrx_word' id='word_1_55' title='bbox 1382 900 1443 947; x_wconf 91' lang='lat' dir='ltr'>de</span> 
     </span>
     <span class='ocr_line' id='line_1_10' title="bbox 147 974 1443 1041; baseline -0.002 -18"><span class='ocrx_word' id='word_1_56' title='bbox 147 976 322 1041; x_wconf 91' lang='lat' dir='ltr'>quibus</span> <span class='ocrx_word' id='word_1_57' title='bbox 363 977 514 1025; x_wconf 89' lang='lat' dir='ltr'>rursus</span> <span class='ocrx_word' id='word_1_58' title='bbox 539 978 671 1026; x_wconf 83' lang='lat' dir='ltr'>alibi.</span> <span class='ocrx_word' id='word_1_59' title='bbox 744 977 1091 1025; x_wconf 86' lang='lat' dir='ltr'>Universorum</span> <span class='ocrx_word' id='word_1_60' title='bbox 1114 976 1316 1039; x_wconf 87' lang='lat' dir='ltr'>denique</span> <span class='ocrx_word' id='word_1_61' title='bbox 1351 974 1443 1020; x_wconf 87' lang='lat' dir='ltr'>hu-</span> 
     </span>
     <span class='ocr_line' id='line_1_11' title="bbox 147 1049 1445 1117; baseline -0.002 -18"><span class='ocrx_word' id='word_1_62' title='bbox 147 1068 336 1100; x_wconf 89' lang='lat' dir='ltr'>morum</span> <span class='ocrx_word' id='word_1_63' title='bbox 360 1054 583 1111; x_wconf 88' lang='lat' dir='ltr'>restituta,</span> <span class='ocrx_word' id='word_1_64' title='bbox 619 1053 981 1117; x_wconf 85' lang='lat' dir='ltr'>praeterlabente</span> <span class='ocrx_word' id='word_1_65' title='bbox 1000 1052 1180 1110; x_wconf 86' lang='lat' dir='ltr'>somno,</span> <span class='ocrx_word' id='word_1_66' title='bbox 1207 1049 1409 1097; x_wconf 86' lang='lat' dir='ltr'>fluiditas</span> <span class='ocrx_word' id='word_1_67' title='bbox 1430 1052 1445 1072; x_wconf 82' lang='lat'><em>‘</em></span> 
     </span>
    </p>
   </div>
   <div class='ocr_carea' id='block_1_3' title="bbox 148 1125 1446 1250">
    <p class='ocr_par' dir='ltr' id='par_1_3' title="bbox 148 1125 1446 1250">
     <span class='ocr_line' id='line_1_12' title="bbox 148 1125 1446 1191; baseline -0.001 -18"><span class='ocrx_word' id='word_1_68' title='bbox 148 1126 366 1174; x_wconf 90' lang='lat' dir='ltr'>somnum</span> <span class='ocrx_word' id='word_1_69' title='bbox 407 1128 560 1191; x_wconf 85' lang='lat' dir='ltr'>fugat,</span> <span class='ocrx_word' id='word_1_70' title='bbox 604 1127 745 1190; x_wconf 89' lang='lat' dir='ltr'>inque</span> <span class='ocrx_word' id='word_1_71' title='bbox 778 1126 930 1174; x_wconf 88' lang='lat' dir='ltr'>vitam</span> <span class='ocrx_word' id='word_1_72' title='bbox 964 1126 1250 1174; x_wconf 86' lang='lat' dir='ltr'>dormientes</span> <span class='ocrx_word' id='word_1_73' title='bbox 1287 1125 1446 1172; x_wconf 88' lang='lat' dir='ltr'>denuo</span> 
     </span>
     <span class='ocr_line' id='line_1_13' title="bbox 149 1213 355 1250; baseline 0 -1"><span class='ocrx_word' id='word_1_74' title='bbox 149 1213 355 1250; x_wconf 87' lang='lat' dir='ltr'>revocat.</span> 
     </span>
    </p>
   </div>
   <div class='ocr_carea' id='block_1_4' title="bbox 148 1337 1461 2204">
    <p class='ocr_par' dir='ltr' id='par_1_4' title="bbox 148 1337 1461 2204">
     <span class='ocr_line' id='line_1_14' title="bbox 216 1337 1446 1410; baseline -0.006 -18"><span class='ocrx_word' id='word_1_75' title='bbox 216 1362 264 1404; x_wconf 83' lang='lat'>4.</span> <span class='ocrx_word' id='word_1_76' title='bbox 295 1347 419 1410; x_wconf 83' lang='lat' dir='ltr'>Qae</span> <span class='ocrx_word' id='word_1_77' title='bbox 443 1342 627 1399; x_wconf 74' lang='lat' dir='ltr'>eunCta,</span> <span class='ocrx_word' id='word_1_78' title='bbox 668 1358 777 1390; x_wconf 89' lang='lat' dir='ltr'>cum</span> <span class='ocrx_word' id='word_1_79' title='bbox 818 1340 1082 1404; x_wconf 85' lang='lat' dir='ltr'>proximam</span> <span class='ocrx_word' id='word_1_80' title='bbox 1105 1337 1282 1402; x_wconf 82' lang='lat' dir='ltr'>vigiliae</span> <span class='ocrx_word' id='word_1_81' title='bbox 1314 1339 1446 1385; x_wconf 83' lang='lat' dir='ltr'>caus-</span> 
     </span>
     <span class='ocr_line' id='line_1_15' title="bbox 148 1411 1442 1479; baseline -0.005 -13"><span class='ocrx_word' id='word_1_82' title='bbox 148 1418 244 1467; x_wconf 85' lang='lat' dir='ltr'>sam</span> <span class='ocrx_word' id='word_1_83' title='bbox 269 1418 569 1474; x_wconf 86' lang='lat' dir='ltr'>constituant‚</span> <span class='ocrx_word' id='word_1_84' title='bbox 594 1415 745 1462; x_wconf 87' lang='lat' dir='ltr'>rursus</span> <span class='ocrx_word' id='word_1_85' title='bbox 770 1414 1079 1479; x_wconf 84' lang='lat' dir='ltr'>quaerendum</span> <span class='ocrx_word' id='word_1_86' title='bbox 1106 1412 1186 1469; x_wconf 89' lang='lat' dir='ltr'>est,</span> <span class='ocrx_word' id='word_1_87' title='bbox 1213 1428 1296 1458; x_wconf 90' lang='lat' dir='ltr'>cur</span> <span class='ocrx_word' id='word_1_88' title='bbox 1322 1411 1442 1476; x_wconf 84' lang='lat' dir='ltr'>ejus-</span> 
     </span>
     <span class='ocr_line' id='line_1_16' title="bbox 149 1486 1448 1548; baseline -0.004 -7"><span class='ocrx_word' id='word_1_89' title='bbox 149 1493 278 1540; x_wconf 87' lang='lat' dir='ltr'>modi</span> <span class='ocrx_word' id='word_1_90' title='bbox 316 1492 485 1540; x_wconf 78' lang='lat' dir='ltr'>cauffae</span> <span class='ocrx_word' id='word_1_91' title='bbox 529 1489 654 1539; x_wconf 84' lang='lat' dir='ltr'>statis</span> <span class='ocrx_word' id='word_1_92' title='bbox 701 1490 947 1536; x_wconf 85' lang='lat' dir='ltr'>dumtaxat</span> <span class='ocrx_word' id='word_1_93' title='bbox 983 1487 1203 1534; x_wconf 88' lang='lat' dir='ltr'>horarum</span> <span class='ocrx_word' id='word_1_94' title='bbox 1242 1486 1448 1548; x_wconf 83' lang='lat' dir='ltr'>periodis</span> 
     </span>
     <span class='ocr_line' id='line_1_17' title="bbox 152 1561 1449 1628; baseline -0.002 -17"><span class='ocrx_word' id='word_1_95' title='bbox 152 1579 459 1614; x_wconf 82' lang='lat' dir='ltr'>moveantur:</span> <span class='ocrx_word' id='word_1_96' title='bbox 493 1565 539 1613; x_wconf 91' lang='lat' dir='ltr'>in</span> <span class='ocrx_word' id='word_1_97' title='bbox 567 1580 662 1628; x_wconf 89' lang='lat' dir='ltr'>qua</span> <span class='ocrx_word' id='word_1_98' title='bbox 683 1561 895 1626; x_wconf 67' lang='lat' dir='ltr'>profe&amp;o</span> <span class='ocrx_word' id='word_1_99' title='bbox 919 1577 967 1607; x_wconf 93' lang='lat' dir='ltr'>re</span> <span class='ocrx_word' id='word_1_100' title='bbox 992 1572 1273 1626; x_wconf 85' lang='lat' dir='ltr'>perpetuum</span> <span class='ocrx_word' id='word_1_101' title='bbox 1298 1561 1449 1608; x_wconf 85' lang='lat' dir='ltr'>circu-</span> 
     </span>
     <span class='ocr_line' id='line_1_18' title="bbox 150 1632 1461 1698; baseline -0.002 -13"><span class='ocrx_word' id='word_1_102' title='bbox 150 1639 253 1685; x_wconf 86' lang='lat' dir='ltr'>lum</span> <span class='ocrx_word' id='word_1_103' title='bbox 279 1634 539 1698; x_wconf 85' lang='lat' dir='ltr'>quemdam</span> <span class='ocrx_word' id='word_1_104' title='bbox 575 1636 755 1684; x_wconf 89' lang='lat' dir='ltr'>sumere</span> <span class='ocrx_word' id='word_1_105' title='bbox 776 1636 955 1684; x_wconf 84' lang='lat' dir='ltr'>neceffe</span> <span class='ocrx_word' id='word_1_106' title='bbox 982 1635 1062 1692; x_wconf 88' lang='lat' dir='ltr'>est,</span> <span class='ocrx_word' id='word_1_107' title='bbox 1092 1632 1223 1698; x_wconf 86' lang='lat' dir='ltr'>cujus</span> <span class='ocrx_word' id='word_1_108' title='bbox 1250 1636 1461 1689; x_wconf 75' lang='lat' dir='ltr'>modum</span> 
     </span>
     <span class='ocr_line' id='line_1_19' title="bbox 149 1708 1447 1775; baseline 0 -17"><span class='ocrx_word' id='word_1_109' title='bbox 149 1724 199 1758; x_wconf 85' lang='lat' dir='ltr'>et</span> <span class='ocrx_word' id='word_1_110' title='bbox 220 1708 617 1773; x_wconf 85' lang='lat' dir='ltr'>.magnitudinern</span> <span class='ocrx_word' id='word_1_111' title='bbox 679 1710 776 1758; x_wconf 90' lang='lat' dir='ltr'>sola</span> <span class='ocrx_word' id='word_1_112' title='bbox 821 1711 1104 1775; x_wconf 89' lang='lat' dir='ltr'>plerumque</span> <span class='ocrx_word' id='word_1_113' title='bbox 1155 1709 1447 1758; x_wconf 85' lang='lat' dir='ltr'>habitudinis</span> 
     </span>
     <span class='ocr_line' id='line_1_20' title="bbox 152 1783 1449 1849; baseline 0.001 -18"><span class='ocrx_word' id='word_1_114' title='bbox 152 1783 224 1832; x_wconf 87' lang='lat' dir='ltr'>vis</span> <span class='ocrx_word' id='word_1_115' title='bbox 261 1783 506 1848; x_wconf 86' lang='lat' dir='ltr'>praefiniat.</span> <span class='ocrx_word' id='word_1_116' title='bbox 575 1785 750 1849; x_wconf 91' lang='lat' dir='ltr'>Neque</span> <span class='ocrx_word' id='word_1_117' title='bbox 799 1785 928 1831; x_wconf 87' lang='lat' dir='ltr'>enim</span> <span class='ocrx_word' id='word_1_118' title='bbox 973 1783 1199 1831; x_wconf 79' lang='lat' dir='ltr'>veternosi</span> <span class='ocrx_word' id='word_1_119' title='bbox 1245 1784 1449 1833; x_wconf 88' lang='lat' dir='ltr'>hominis</span> 
     </span>
     <span class='ocr_line' id='line_1_21' title="bbox 155 1859 1449 1924; baseline -0.002 -18"><span class='ocrx_word' id='word_1_120' title='bbox 155 1861 442 1923; x_wconf 78' lang='lat' dir='ltr'>exemplum,</span> <span class='ocrx_word' id='word_1_121' title='bbox 475 1860 558 1924; x_wconf 89' lang='lat' dir='ltr'>qui</span> <span class='ocrx_word' id='word_1_122' title='bbox 600 1860 647 1906; x_wconf 90' lang='lat' dir='ltr'>in</span> <span class='ocrx_word' id='word_1_123' title='bbox 695 1859 945 1908; x_wconf 89' lang='lat' dir='ltr'>obscurum</span> <span class='ocrx_word' id='word_1_124' title='bbox 980 1860 1204 1906; x_wconf 85' lang='lat' dir='ltr'>conclave</span> <span class='ocrx_word' id='word_1_125' title='bbox 1250 1859 1449 1915; x_wconf 87' lang='lat' dir='ltr'>delatus,</span> 
     </span>
     <span class='ocr_line' id='line_1_22' title="bbox 155 1931 1452 1996; baseline -0.001 -16"><span class='ocrx_word' id='word_1_126' title='bbox 155 1933 314 1981; x_wconf 89' lang='lat' dir='ltr'>triduo</span> <span class='ocrx_word' id='word_1_127' title='bbox 335 1934 544 1990; x_wconf 89' lang='lat' dir='ltr'>dormiit,</span> <span class='ocrx_word' id='word_1_128' title='bbox 586 1946 666 1980; x_wconf 89' lang='lat' dir='ltr'>aut</span> <span class='ocrx_word' id='word_1_129' title='bbox 703 1947 883 1980; x_wconf 84' lang='lat' dir='ltr'>caeterae</span> <span class='ocrx_word' id='word_1_130' title='bbox 902 1932 1287 1996; x_wconf 86' lang='lat' dir='ltr'>catalepticorum</span> <span class='ocrx_word' id='word_1_131' title='bbox 1315 1931 1452 1979; x_wconf 83' lang='lat' dir='ltr'>histo-</span> 
     </span>
     <span class='ocr_line' id='line_1_23' title="bbox 159 2006 1453 2070; baseline -0.002 -15"><span class='ocrx_word' id='word_1_132' title='bbox 159 2009 257 2063; x_wconf 74' lang='lat' dir='ltr'>riae,</span> <span class='ocrx_word' id='word_1_133' title='bbox 296 2008 510 2054; x_wconf 87' lang='lat' dir='ltr'>adversus</span> <span class='ocrx_word' id='word_1_134' title='bbox 535 2009 670 2064; x_wconf 68' lang='lat' dir='ltr'>Bane,</span> <span class='ocrx_word' id='word_1_135' title='bbox 699 2025 844 2070; x_wconf 83' lang='lat' dir='ltr'>quam</span> <span class='ocrx_word' id='word_1_136' title='bbox 870 2025 894 2053; x_wconf 86' lang='lat' dir='ltr'>a</span> <span class='ocrx_word' id='word_1_137' title='bbox 913 2006 1245 2054; x_wconf 88' lang='lat' dir='ltr'>consuetudine</span> <span class='ocrx_word' id='word_1_138' title='bbox 1269 2021 1453 2070; x_wconf 86' lang='lat' dir='ltr'>partam</span> 
     </span>
     <span class='ocr_line' id='line_1_24' title="bbox 158 2077 1451 2145; baseline -0.003 -16"><span class='ocrx_word' id='word_1_139' title='bbox 158 2081 308 2133; x_wconf 89' lang='lat' dir='ltr'>somni</span> <span class='ocrx_word' id='word_1_140' title='bbox 335 2081 602 2145; x_wconf 88' lang='lat' dir='ltr'>periodum,</span> <span class='ocrx_word' id='word_1_141' title='bbox 640 2081 924 2137; x_wconf 84' lang='lat' dir='ltr'>innuimus²,</span> <span class='ocrx_word' id='word_1_142' title='bbox 972 2095 1082 2126; x_wconf 91' lang='lat' dir='ltr'>meo</span> <span class='ocrx_word' id='word_1_143' title='bbox 1107 2078 1302 2143; x_wconf 85' lang='lat' dir='ltr'>quidem</span> <span class='ocrx_word' id='word_1_144' title='bbox 1318 2077 1451 2142; x_wconf 89' lang='lat' dir='ltr'>judi·</span> 
     </span>
     <span class='ocr_line' id='line_1_25' title="bbox 161 2155 669 2204; baseline -0.006 -1"><span class='ocrx_word' id='word_1_145' title='bbox 161 2157 235 2204; x_wconf 87' lang='lat' dir='ltr'>cio</span> <span class='ocrx_word' id='word_1_146' title='bbox 261 2156 468 2203; x_wconf 87' lang='lat' dir='ltr'>multum</span> <span class='ocrx_word' id='word_1_147' title='bbox 494 2155 669 2202; x_wconf 84' lang='lat' dir='ltr'>valent.</span> 
     </span>
    </p>
   </div>
   <div class='ocr_carea' id='block_1_5' title="bbox 161 2298 1458 2441">
    <p class='ocr_par' dir='ltr' id='par_1_5' title="bbox 161 2298 1458 2441">
     <span class='ocr_line' id='line_1_26' title="bbox 232 2298 1456 2367; baseline -0.006 -16"><span class='ocrx_word' id='word_1_148' title='bbox 232 2319 277 2367; x_wconf 80' lang='grc'>5.</span> <span class='ocrx_word' id='word_1_149' title='bbox 333 2302 551 2351; x_wconf 84' lang='lat' dir='ltr'>Maxima</span> <span class='ocrx_word' id='word_1_150' title='bbox 605 2313 729 2348; x_wconf 86' lang='lat' dir='ltr'>certe</span> <span class='ocrx_word' id='word_1_151' title='bbox 783 2299 993 2346; x_wconf 86' lang='lat' dir='ltr'>diuturni</span> <span class='ocrx_word' id='word_1_152' title='bbox 1052 2299 1237 2359; x_wconf 82' lang='lat' dir='ltr'>habitus</span> <span class='ocrx_word' id='word_1_153' title='bbox 1286 2299 1332 2345; x_wconf 89' lang='lat' dir='ltr'>in</span> <span class='ocrx_word' id='word_1_154' title='bbox 1381 2298 1456 2344; x_wconf 89' lang='lat' dir='ltr'>in-</span> 
     </span>
     <span class='ocr_line' id='line_1_27' title="bbox 161 2374 1458 2441; baseline -0.005 -13"><span class='ocrx_word' id='word_1_155' title='bbox 161 2379 367 2428; x_wconf 82' lang='lat' dir='ltr'>fantibus</span> <span class='ocrx_word' id='word_1_156' title='bbox 407 2380 478 2426; x_wconf 89' lang='lat' dir='ltr'>vis</span> <span class='ocrx_word' id='word_1_157' title='bbox 517 2377 599 2437; x_wconf 90' lang='lat' dir='ltr'>est,</span> <span class='ocrx_word' id='word_1_158' title='bbox 637 2376 810 2441; x_wconf 87' lang='lat' dir='ltr'>quibus</span> <span class='ocrx_word' id='word_1_159' title='bbox 851 2388 901 2422; x_wconf 80' lang='lat' dir='ltr'>ut</span> <span class='ocrx_word' id='word_1_160' title='bbox 944 2375 1156 2438; x_wconf 85' lang='lat' dir='ltr'>primum</span> <span class='ocrx_word' id='word_1_161' title='bbox 1209 2377 1320 2423; x_wconf 83' lang='lat' dir='ltr'>dato</span> <span class='ocrx_word' id='word_1_162' title='bbox 1365 2374 1458 2426; x_wconf 80' lang='lat' dir='ltr'>diei</span> 
     </span>
    </p>
   </div>
   <div class='ocr_carea' id='block_1_6' title="bbox 160 2536 1466 2742">
    <p class='ocr_par' dir='ltr' id='par_1_6' title="bbox 160 2536 1451 2742">
     <span class='ocr_line' id='line_1_28' title="bbox 213 2536 1093 2615; baseline -0.002 -13"><span class='ocrx_word' id='word_1_163' title='bbox 213 2572 225 2591; x_wconf 79' lang='grc' dir='ltr'>ι</span> <span class='ocrx_word' id='word_1_164' title='bbox 256 2564 371 2603; x_wconf 77' lang='lat' dir='ltr'>conf.</span> <span class='ocrx_word' id='word_1_165' title='bbox 400 2564 616 2615; x_wconf 80' lang='lat' dir='ltr'>Hamberg</span> <span class='ocrx_word' id='word_1_166' title='bbox 636 2563 783 2613; x_wconf 72' lang='lat' dir='ltr'><em>Phstol.</em></span> <span class='ocrx_word' id='word_1_167' title='bbox 803 2536 1093 2602; x_wconf 74' lang='lat' dir='ltr'>MCeCLxX.</span> 
     </span>
     <span class='ocr_line' id='line_1_29' title="bbox 210 2621 1466 2709; baseline -0.006 -43.737"><span class='ocrx_word' id='word_1_168' title='bbox 210 2627 374 2665; x_wconf 75' lang='lat' dir='ltr'>².Conf</span> <span class='ocrx_word' id='word_1_169' title='bbox 400 2627 511 2664; x_wconf 84' lang='lat' dir='ltr'>Mem.</span> <span class='ocrx_word' id='word_1_170' title='bbox 532 2626 741 2664; x_wconf 81' lang='lat' dir='ltr'>del&#39;Acad.</span> <span class='ocrx_word' id='word_1_171' title='bbox 766 2627 858 2676; x_wconf 76' lang='lat' dir='ltr'>Ray.</span> <span class='ocrx_word' id='word_1_172' title='bbox 880 2624 935 2661; x_wconf 80' lang='lat' dir='ltr'>des</span> <span class='ocrx_word' id='word_1_173' title='bbox 953 2624 1008 2662; x_wconf 85' lang='lat' dir='ltr'>Sc.</span> <span class='ocrx_word' id='word_1_174' title='bbox 1027 2625 1068 2662; x_wconf 85' lang='lat' dir='ltr'>de</span> <span class='ocrx_word' id='word_1_175' title='bbox 1093 2624 1197 2662; x_wconf 50' lang='lat' dir='ltr'>Betul</span> <span class='ocrx_word' id='word_1_176' title='bbox 1223 2623 1322 2661; x_wconf 77' lang='lat' dir='ltr'>Ann.</span> <span class='ocrx_word' id='word_1_177' title='bbox 1357 2621 1466 2709; x_wconf 83' lang='lat'>7.46.</span> 
     </span>
     <span class='ocr_line' id='line_1_30' title="bbox 160 2687 581 2742; baseline -0.012 -14"><span class='ocrx_word' id='word_1_178' title='bbox 160 2690 267 2743; x_wconf 68' lang='lat' dir='ltr'>Effi)</span> <span class='ocrx_word' id='word_1_179' title='bbox 275 2690 345 2740; x_wconf 72' lang='lat' dir='ltr'>sur</span> <span class='ocrx_word' id='word_1_180' title='bbox 364 2689 394 2726; x_wconf 85' lang='lat' dir='ltr'>le</span> <span class='ocrx_word' id='word_1_181' title='bbox 412 2687 533 2725; x_wconf 80' lang='lat' dir='ltr'>Somm</span> <span class='ocrx_word' id='word_1_182' title='bbox 529 2688 581 2724; x_wconf 79' lang='lat' dir='ltr'>zl.</span> 
     </span>
    </p>
   </div>
   <div class='ocr_carea' id='block_1_7' title="bbox 867 2745 1467 2804">
    <p class='ocr_par' dir='ltr' id='par_1_7' title="bbox 867 2745 1467 2804">
     <span class='ocr_line' id='line_1_31' title="bbox 867 2745 1467 2804; baseline -0.01 -13"><span class='ocrx_word' id='word_1_183' title='bbox 867 2745 905 2791; x_wconf 87' lang='lat' dir='ltr'>B</span> <span class='ocrx_word' id='word_1_184' title='bbox 953 2761 986 2804; x_wconf 88' lang='lat'>4</span> <span class='ocrx_word' id='word_1_185' title='bbox 1388 2756 1467 2786; x_wconf 81' lang='lat' dir='ltr'>aut</span> 
     </span>
    </p>
   </div>
  </div>
 </body>
</html>
