<?xml version="1.0" encoding="UTF-8"?>
<!DOCTYPE html PUBLIC "-//W3C//DTD XHTML 1.0 Transitional//EN"
    "http://www.w3.org/TR/xhtml1/DTD/xhtml1-transitional.dtd">
<html xmlns="http://www.w3.org/1999/xhtml" xml:lang="en" lang="en">
 <head>
  <title>
</title>
<meta http-equiv="Content-Type" content="text/html;charset=utf-8" />
  <meta name='ocr-system' content='tesseract 3.04.00' />
  <meta name='ocr-capabilities' content='ocr_page ocr_carea ocr_par ocr_line ocrx_word'/>
</head>
<body>
  <div class='ocr_page' id='page_1' title='image "./devitalibusperio02testuoft_0121.png"; bbox 0 0 1871 3211; ppageno 0'>
   <div class='ocr_carea' id='block_1_1' title="bbox 359 283 1358 349">
    <p class='ocr_par' dir='ltr' id='par_1_1' title="bbox 359 283 1358 349">
     <span class='ocr_line' id='line_1_1' title="bbox 359 283 1358 349; baseline -0.001 -15"><span class='ocrx_word' id='word_1_1' title='bbox 359 283 1060 334; x_wconf 86' lang='lat' dir='ltr'>CAUSSIS.</span> <span class='ocrx_word' id='word_1_2' title='bbox 1270 301 1358 349; x_wconf 81' lang='lat'>107</span> 
     </span>
    </p>
   </div>
   <div class='ocr_carea' id='block_1_2' title="bbox 44 418 1371 930">
    <p class='ocr_par' dir='ltr' id='par_1_2' title="bbox 62 418 1364 483">
     <span class='ocr_line' id='line_1_2' title="bbox 62 418 1364 483; baseline -0.003 -13"><span class='ocrx_word' id='word_1_3' title='bbox 62 418 235 470; x_wconf 84' lang='lat' dir='ltr'>diurno</span> <span class='ocrx_word' id='word_1_4' title='bbox 258 432 473 483; x_wconf 74' lang='lat' dir='ltr'>tempore</span> <span class='ocrx_word' id='word_1_5' title='bbox 505 418 743 483; x_wconf 77' lang='lat' dir='ltr'>mephitiS,</span> <span class='ocrx_word' id='word_1_6' title='bbox 760 433 984 481; x_wconf 82' lang='lat' dir='ltr'>magnam</span> <span class='ocrx_word' id='word_1_7' title='bbox 1004 428 1185 479; x_wconf 86' lang='lat' dir='ltr'>partem</span> <span class='ocrx_word' id='word_1_8' title='bbox 1204 434 1364 466; x_wconf 80' lang='lat' dir='ltr'>caver-</span> 
     </span>
    </p>

    <p class='ocr_par' dir='ltr' id='par_1_3' title="bbox 44 491 1371 930">
     <span class='ocr_line' id='line_1_3' title="bbox 44 491 1366 559; baseline -0.004 -15"><span class='ocrx_word' id='word_1_9' title='bbox 44 497 138 544; x_wconf 89' lang='lat' dir='ltr'>·nis</span> <span class='ocrx_word' id='word_1_10' title='bbox 167 508 244 543; x_wconf 89' lang='lat' dir='ltr'>aut</span> <span class='ocrx_word' id='word_1_11' title='bbox 281 493 397 542; x_wconf 88' lang='lat' dir='ltr'>nidis</span> <span class='ocrx_word' id='word_1_12' title='bbox 435 510 516 559; x_wconf 85' lang='lat' dir='ltr'>per</span> <span class='ocrx_word' id='word_1_13' title='bbox 552 495 739 542; x_wconf 68' lang='lat' dir='ltr'>noCtem</span> <span class='ocrx_word' id='word_1_14' title='bbox 771 492 1164 555; x_wconf 78' lang='lat' dir='ltr'>consepultorum,</span> <span class='ocrx_word' id='word_1_15' title='bbox 1213 491 1366 539; x_wconf 60' lang='lat' dir='ltr'>homi*-</span> 
     </span>
     <span class='ocr_line' id='line_1_4' title="bbox 66 566 1366 634; baseline -0.002 -16"><span class='ocrx_word' id='word_1_16' title='bbox 66 585 294 634; x_wconf 87' lang='lat' dir='ltr'>numque,</span> <span class='ocrx_word' id='word_1_17' title='bbox 320 586 438 634; x_wconf 86' lang='lat' dir='ltr'>quos</span> <span class='ocrx_word' id='word_1_18' title='bbox 465 587 558 616; x_wconf 85' lang='lat' dir='ltr'>nox</span> <span class='ocrx_word' id='word_1_19' title='bbox 592 570 637 616; x_wconf 88' lang='lat' dir='ltr'>in</span> <span class='ocrx_word' id='word_1_20' title='bbox 664 568 901 615; x_wconf 87' lang='lat' dir='ltr'>cubilibus</span> <span class='ocrx_word' id='word_1_21' title='bbox 927 566 1115 631; x_wconf 88' lang='lat' dir='ltr'>premit,</span> <span class='ocrx_word' id='word_1_22' title='bbox 1142 567 1366 615; x_wconf 66' lang='lat' dir='ltr'>halituosa</span> 
     </span>
     <span class='ocr_line' id='line_1_5' title="bbox 61 643 1368 710; baseline -0.002 -18"><span class='ocrx_word' id='word_1_23' title='bbox 61 644 309 710; x_wconf 83' lang='lat' dir='ltr'>principia,</span> <span class='ocrx_word' id='word_1_24' title='bbox 342 645 497 692; x_wconf 87' lang='lat' dir='ltr'>minus</span> <span class='ocrx_word' id='word_1_25' title='bbox 515 661 660 707; x_wconf 89' lang='lat' dir='ltr'>quam</span> <span class='ocrx_word' id='word_1_26' title='bbox 684 643 778 699; x_wconf 89' lang='lat' dir='ltr'>die,</span> <span class='ocrx_word' id='word_1_27' title='bbox 809 644 855 689; x_wconf 89' lang='lat' dir='ltr'>in</span> <span class='ocrx_word' id='word_1_28' title='bbox 880 658 1189 690; x_wconf 89' lang='lat' dir='ltr'>communem</span> <span class='ocrx_word' id='word_1_29' title='bbox 1215 657 1368 690; x_wconf 78' lang='lat' dir='ltr'>atmo-</span> 
     </span>
     <span class='ocr_line' id='line_1_6' title="bbox 44 716 1371 782; baseline 0.001 -18"><span class='ocrx_word' id='word_1_30' title='bbox 44 716 244 782; x_wconf 72' lang='lat' dir='ltr'>&#39;spherae</span> <span class='ocrx_word' id='word_1_31' title='bbox 284 734 456 777; x_wconf 85' lang='lat' dir='ltr'>aerem,</span> <span class='ocrx_word' id='word_1_32' title='bbox 491 731 631 765; x_wconf 84' lang='lat' dir='ltr'>nocte</span> <span class='ocrx_word' id='word_1_33' title='bbox 655 717 904 764; x_wconf 84' lang='lat' dir='ltr'>univerfim</span> <span class='ocrx_word' id='word_1_34' title='bbox 930 730 1189 781; x_wconf 84' lang='lat' dir='ltr'><strong>permeant.</strong></span> <span class='ocrx_word' id='word_1_35' title='bbox 1261 718 1371 765; x_wconf 83' lang='lat' dir='ltr'>Post</span> 
     </span>
     <span class='ocr_line' id='line_1_7' title="bbox 61 791 1371 855; baseline 0.002 -18"><span class='ocrx_word' id='word_1_36' title='bbox 61 807 188 855; x_wconf 77' lang='lat' dir='ltr'>quae,</span> <span class='ocrx_word' id='word_1_37' title='bbox 232 791 369 839; x_wconf 87' lang='lat' dir='ltr'>facile</span> <span class='ocrx_word' id='word_1_38' title='bbox 383 792 600 840; x_wconf 84' lang='lat' dir='ltr'>dabimus</span> <span class='ocrx_word' id='word_1_39' title='bbox 625 791 904 838; x_wconf 86' lang='lat' dir='ltr'>leviffimum</span> <span class='ocrx_word' id='word_1_40' title='bbox 928 804 1089 838; x_wconf 82' lang='lat' dir='ltr'>natura</span> <span class='ocrx_word' id='word_1_41' title='bbox 1114 792 1191 839; x_wconf 84' lang='lat' dir='ltr'>sua</span> <span class='ocrx_word' id='word_1_42' title='bbox 1216 807 1371 839; x_wconf 74' lang='lat' dir='ltr'>matu-</span> 
     </span>
     <span class='ocr_line' id='line_1_8' title="bbox 62 864 1181 930; baseline 0.003 -20"><span class='ocrx_word' id='word_1_43' title='bbox 62 864 219 911; x_wconf 86' lang='lat' dir='ltr'>tinum</span> <span class='ocrx_word' id='word_1_44' title='bbox 243 879 432 930; x_wconf 86' lang='lat' dir='ltr'>tempus</span> <span class='ocrx_word' id='word_1_45' title='bbox 466 866 573 921; x_wconf 87' lang='lat' dir='ltr'>effe,</span> <span class='ocrx_word' id='word_1_46' title='bbox 603 865 732 929; x_wconf 88' lang='lat' dir='ltr'>quod</span> <span class='ocrx_word' id='word_1_47' title='bbox 759 864 922 912; x_wconf 86' lang='lat' dir='ltr'>Celsus</span> <span class='ocrx_word' id='word_1_48' title='bbox 943 867 958 893; x_wconf 90' lang='lat'>⁷</span> <span class='ocrx_word' id='word_1_49' title='bbox 984 865 1181 913; x_wconf 84' lang='lat' dir='ltr'>dixerat.</span> 
     </span>
    </p>
   </div>
   <div class='ocr_carea' id='block_1_3' title="bbox 65 997 1387 1728">
    <p class='ocr_par' dir='ltr' id='par_1_4' title="bbox 65 997 1387 1728">
     <span class='ocr_line' id='line_1_9' title="bbox 144 997 1373 1062; baseline 0.002 -16"><span class='ocrx_word' id='word_1_50' title='bbox 144 1014 224 1046; x_wconf 83' lang='lat'>11.</span> <span class='ocrx_word' id='word_1_51' title='bbox 284 998 534 1055; x_wconf 82' lang='lat' dir='ltr'>Matutini,</span> <span class='ocrx_word' id='word_1_52' title='bbox 590 998 731 1046; x_wconf 83' lang='lat' dir='ltr'>etiam</span> <span class='ocrx_word' id='word_1_53' title='bbox 780 999 910 1061; x_wconf 88' lang='lat' dir='ltr'>quod</span> <span class='ocrx_word' id='word_1_54' title='bbox 948 1011 1141 1054; x_wconf 88' lang='lat' dir='ltr'>vocant,</span> <span class='ocrx_word' id='word_1_55' title='bbox 1182 997 1373 1062; x_wconf 81' lang='lat' dir='ltr'>frigoris</span> 
     </span>
     <span class='ocr_line' id='line_1_10' title="bbox 65 1072 1375 1137; baseline -0.002 -16"><span class='ocrx_word' id='word_1_56' title='bbox 65 1087 278 1137; x_wconf 77' lang='lat' dir='ltr'>tempus,</span> <span class='ocrx_word' id='word_1_57' title='bbox 311 1087 561 1134; x_wconf 82' lang='lat' dir='ltr'>parumper</span> <span class='ocrx_word' id='word_1_58' title='bbox 593 1084 697 1117; x_wconf 87' lang='lat' dir='ltr'>ante</span> <span class='ocrx_word' id='word_1_59' title='bbox 725 1072 846 1118; x_wconf 89' lang='lat' dir='ltr'>Solis</span> <span class='ocrx_word' id='word_1_60' title='bbox 883 1084 1118 1129; x_wconf 84' lang='lat' dir='ltr'>exortum,</span> <span class='ocrx_word' id='word_1_61' title='bbox 1163 1072 1375 1120; x_wconf 80' lang='lat' dir='ltr'>confide·</span> 
     </span>
     <span class='ocr_line' id='line_1_11' title="bbox 74 1144 1376 1210; baseline -0.002 -15"><span class='ocrx_word' id='word_1_62' title='bbox 74 1148 238 1195; x_wconf 77' lang='lat' dir='ltr'>raviffe</span> <span class='ocrx_word' id='word_1_63' title='bbox 264 1145 467 1200; x_wconf 88' lang='lat' dir='ltr'>interest,</span> <span class='ocrx_word' id='word_1_64' title='bbox 509 1145 640 1210; x_wconf 86' lang='lat' dir='ltr'>quod</span> <span class='ocrx_word' id='word_1_65' title='bbox 687 1162 741 1191; x_wconf 87' lang='lat' dir='ltr'>ex</span> <span class='ocrx_word' id='word_1_66' title='bbox 780 1160 1019 1192; x_wconf 79' lang='lat' dir='ltr'>commota</span> <span class='ocrx_word' id='word_1_67' title='bbox 1055 1162 1138 1209; x_wconf 90' lang='lat' dir='ltr'>per</span> <span class='ocrx_word' id='word_1_68' title='bbox 1170 1144 1217 1191; x_wconf 91' lang='lat' dir='ltr'>id</span> <span class='ocrx_word' id='word_1_69' title='bbox 1253 1160 1376 1193; x_wconf 86' lang='lat' dir='ltr'>tem-</span> 
     </span>
     <span class='ocr_line' id='line_1_12' title="bbox 74 1218 1378 1284; baseline 0 -17"><span class='ocrx_word' id='word_1_70' title='bbox 74 1239 164 1284; x_wconf 89' lang='lat' dir='ltr'>pus</span> <span class='ocrx_word' id='word_1_71' title='bbox 197 1218 492 1274; x_wconf 83' lang='lat' dir='ltr'>animalium,</span> <span class='ocrx_word' id='word_1_72' title='bbox 533 1232 578 1265; x_wconf 88' lang='lat' dir='ltr'>et</span> <span class='ocrx_word' id='word_1_73' title='bbox 597 1218 958 1281; x_wconf 83' lang='lat' dir='ltr'>vegetabilium,</span> <span class='ocrx_word' id='word_1_74' title='bbox 1003 1220 1234 1266; x_wconf 70' lang='grc' dir='ltr'>ηοᾶυῑηο</span> <span class='ocrx_word' id='word_1_75' title='bbox 1254 1220 1378 1267; x_wconf 86' lang='lat' dir='ltr'>som-</span> 
     </span>
     <span class='ocr_line' id='line_1_13' title="bbox 77 1292 1380 1359; baseline 0.004 -21"><span class='ocrx_word' id='word_1_76' title='bbox 77 1314 150 1343; x_wconf 58' lang='lat' dir='ltr'>m„</span> <span class='ocrx_word' id='word_1_77' title='bbox 194 1308 238 1333; x_wconf 49' lang='lat' dir='ltr'>,or</span> <span class='ocrx_word' id='word_1_78' title='bbox 287 1307 479 1355; x_wconf 79' lang='lat' dir='ltr'>torpore</span> <span class='ocrx_word' id='word_1_79' title='bbox 526 1293 732 1350; x_wconf 85' lang='lat' dir='ltr'>excusso,</span> <span class='ocrx_word' id='word_1_80' title='bbox 792 1292 1143 1355; x_wconf 85' lang='lat' dir='ltr'>perspiratione,</span> <span class='ocrx_word' id='word_1_81' title='bbox 1187 1309 1380 1359; x_wconf 88' lang='lat' dir='ltr'>propter</span> 
     </span>
     <span class='ocr_line' id='line_1_14' title="bbox 80 1367 1384 1433; baseline 0.001 -15"><span class='ocrx_word' id='word_1_82' title='bbox 80 1385 246 1419; x_wconf 56' lang='lat' dir='ltr'>mz-atwtz</span> <span class='ocrx_word' id='word_1_83' title='bbox 259 1369 304 1414; x_wconf 85' lang='lat' dir='ltr'>ni</span> <span class='ocrx_word' id='word_1_84' title='bbox 334 1367 448 1413; x_wconf 64' lang='lat' dir='ltr'>aeris</span> <span class='ocrx_word' id='word_1_85' title='bbox 474 1367 861 1425; x_wconf 83' lang='lat' dir='ltr'>excitamentum,</span> <span class='ocrx_word' id='word_1_86' title='bbox 911 1367 1111 1432; x_wconf 85' lang='lat' dir='ltr'>aliasque</span> <span class='ocrx_word' id='word_1_87' title='bbox 1131 1387 1245 1433; x_wconf 87' lang='lat' dir='ltr'>quas</span> <span class='ocrx_word' id='word_1_88' title='bbox 1266 1373 1384 1419; x_wconf 88' lang='lat' dir='ltr'>ube-</span> 
     </span>
     <span class='ocr_line' id='line_1_15' title="bbox 82 1439 1384 1502; baseline 0.001 -10"><span class='ocrx_word' id='word_1_89' title='bbox 82 1448 174 1493; x_wconf 56' lang='lat' dir='ltr'>rius</span> <span class='ocrx_word' id='word_1_90' title='bbox 231 1441 402 1489; x_wconf 78' lang='lat' dir='ltr'>cauffas</span> <span class='ocrx_word' id='word_1_91' title='bbox 463 1439 580 1487; x_wconf 84' lang='lat' dir='ltr'>infra</span> <span class='ocrx_word' id='word_1_92' title='bbox 636 1440 1019 1502; x_wconf 80' lang='lat' dir='ltr'>significabimus,</span> <span class='ocrx_word' id='word_1_93' title='bbox 1073 1442 1189 1489; x_wconf 90' lang='lat' dir='ltr'>item</span> <span class='ocrx_word' id='word_1_94' title='bbox 1234 1458 1281 1491; x_wconf 87' lang='lat' dir='ltr'>et</span> <span class='ocrx_word' id='word_1_95' title='bbox 1326 1463 1384 1493; x_wconf 79' lang='lat' dir='ltr'>ex</span> 
     </span>
     <span class='ocr_line' id='line_1_16' title="bbox 81 1513 1385 1572; baseline 0 -8"><span class='ocrx_word' id='word_1_96' title='bbox 81 1530 227 1564; x_wconf 86' lang='lat' dir='ltr'>vento</span> <span class='ocrx_word' id='word_1_97' title='bbox 271 1516 317 1562; x_wconf 90' lang='lat' dir='ltr'>in</span> <span class='ocrx_word' id='word_1_98' title='bbox 363 1513 484 1561; x_wconf 86' lang='lat' dir='ltr'>Solis</span> <span class='ocrx_word' id='word_1_99' title='bbox 524 1514 772 1560; x_wconf 88' lang='lat' dir='ltr'>occursum</span> <span class='ocrx_word' id='word_1_100' title='bbox 816 1514 1026 1572; x_wconf 87' lang='lat' dir='ltr'>incitato,</span> <span class='ocrx_word' id='word_1_101' title='bbox 1080 1516 1197 1563; x_wconf 87' lang='lat' dir='ltr'>effici</span> <span class='ocrx_word' id='word_1_102' title='bbox 1252 1534 1385 1565; x_wconf 89' lang='lat' dir='ltr'>vero-</span> 
     </span>
     <span class='ocr_line' id='line_1_17' title="bbox 84 1586 1387 1654; baseline 0.001 -16"><span class='ocrx_word' id='word_1_103' title='bbox 84 1590 234 1638; x_wconf 88' lang='lat' dir='ltr'>fimile</span> <span class='ocrx_word' id='word_1_104' title='bbox 259 1589 336 1636; x_wconf 90' lang='lat' dir='ltr'>est.</span> <span class='ocrx_word' id='word_1_105' title='bbox 410 1586 627 1634; x_wconf 65' lang='lat' dir='ltr'>Profeem</span> <span class='ocrx_word' id='word_1_106' title='bbox 653 1589 709 1634; x_wconf 81' lang='lat' dir='ltr'>ad</span> <span class='ocrx_word' id='word_1_107' title='bbox 734 1588 918 1635; x_wconf 62' lang='lat' dir='ltr'>aufiam</span> <span class='ocrx_word' id='word_1_108' title='bbox 954 1590 1299 1654; x_wconf 78' lang='lat' dir='ltr'>vegetabilium</span> <span class='ocrx_word' id='word_1_109' title='bbox 1330 1609 1387 1639; x_wconf 88' lang='lat' dir='ltr'>eo</span> 
     </span>
     <span class='ocr_line' id='line_1_18' title="bbox 85 1661 1387 1728; baseline 0.002 -17"><span class='ocrx_word' id='word_1_110' title='bbox 85 1679 298 1727; x_wconf 87' lang='lat' dir='ltr'>tempore</span> <span class='ocrx_word' id='word_1_111' title='bbox 331 1661 717 1726; x_wconf 84' lang='lat' dir='ltr'>perspirationem</span> <span class='ocrx_word' id='word_1_112' title='bbox 758 1663 1020 1710; x_wconf 84' lang='lat' dir='ltr'>matutinus</span> <span class='ocrx_word' id='word_1_113' title='bbox 1058 1681 1134 1711; x_wconf 87' lang='lat' dir='ltr'>ros</span> <span class='ocrx_word' id='word_1_114' title='bbox 1170 1667 1387 1728; x_wconf 81' lang='lat' dir='ltr'>pertinet,</span> 
     </span>
    </p>
   </div>
   <div class='ocr_carea' id='block_1_4' title="bbox 88 1736 1388 1871">
    <p class='ocr_par' dir='ltr' id='par_1_5' title="bbox 88 1736 1388 1871">
     <span class='ocr_line' id='line_1_19' title="bbox 88 1736 1388 1805; baseline 0.002 -19"><span class='ocrx_word' id='word_1_115' title='bbox 88 1757 186 1805; x_wconf 89' lang='lat' dir='ltr'>quo</span> <span class='ocrx_word' id='word_1_116' title='bbox 211 1737 331 1802; x_wconf 82' lang='lat' dir='ltr'>saepe</span> <span class='ocrx_word' id='word_1_117' title='bbox 377 1737 424 1783; x_wconf 91' lang='lat' dir='ltr'>in</span> <span class='ocrx_word' id='word_1_118' title='bbox 450 1736 723 1783; x_wconf 81' lang='lat' dir='ltr'>animalium</span> <span class='ocrx_word' id='word_1_119' title='bbox 759 1752 926 1800; x_wconf 82' lang='lat' dir='ltr'>corpus</span> <span class='ocrx_word' id='word_1_120' title='bbox 965 1739 1081 1786; x_wconf 84' lang='lat' dir='ltr'>inter</span> <span class='ocrx_word' id='word_1_121' title='bbox 1102 1740 1388 1789; x_wconf 83' lang='lat' dir='ltr'>vescendum</span> 
     </span>
     <span class='ocr_line' id='line_1_20' title="bbox 88 1803 1387 1871; baseline 0.001 -17"><span class='ocrx_word' id='word_1_122' title='bbox 88 1807 340 1868; x_wconf 84' lang='lat' dir='ltr'>resumptO,</span> <span class='ocrx_word' id='word_1_123' title='bbox 378 1803 656 1852; x_wconf 83' lang='lat' dir='ltr'>acerbiffimi</span> <span class='ocrx_word' id='word_1_124' title='bbox 694 1806 870 1851; x_wconf 88' lang='lat' dir='ltr'>ventris</span> <span class='ocrx_word' id='word_1_125' title='bbox 909 1806 1106 1865; x_wconf 82' lang='lat' dir='ltr'>dolores,</span> <span class='ocrx_word' id='word_1_126' title='bbox 1153 1821 1199 1854; x_wconf 88' lang='lat' dir='ltr'>et</span> <span class='ocrx_word' id='word_1_127' title='bbox 1224 1808 1387 1871; x_wconf 81' lang='lat' dir='ltr'>spasmi</span> 
     </span>
    </p>
   </div>
   <div class='ocr_carea' id='block_1_5' title="bbox 52 1880 1400 2533">
    <p class='ocr_par' dir='ltr' id='par_1_6' title="bbox 52 1880 1400 2533">
     <span class='ocr_line' id='line_1_21' title="bbox 52 1880 1388 1943; baseline 0.001 -17"><span class='ocrx_word' id='word_1_128' title='bbox 52 1906 58 1908; x_wconf 96' lang='lat'><em>-</em></span> <span class='ocrx_word' id='word_1_129' title='bbox 93 1880 149 1926; x_wconf 80' lang='lat' dir='ltr'>iis</span> <span class='ocrx_word' id='word_1_130' title='bbox 175 1880 326 1924; x_wconf 83' lang='lat' dir='ltr'>fiunt:</span> <span class='ocrx_word' id='word_1_131' title='bbox 366 1888 556 1939; x_wconf 82' lang='lat' dir='ltr'>apparet</span> <span class='ocrx_word' id='word_1_132' title='bbox 580 1892 783 1938; x_wconf 84' lang='lat' dir='ltr'>namque</span> <span class='ocrx_word' id='word_1_133' title='bbox 821 1894 894 1924; x_wconf 86' lang='lat' dir='ltr'>ros</span> <span class='ocrx_word' id='word_1_134' title='bbox 932 1896 1077 1941; x_wconf 87' lang='lat' dir='ltr'>vapor</span> <span class='ocrx_word' id='word_1_135' title='bbox 1114 1897 1290 1943; x_wconf 77' lang='lat' dir='ltr'>aqueus</span> <span class='ocrx_word' id='word_1_136' title='bbox 1316 1895 1388 1928; x_wconf 84' lang='lat' dir='ltr'>te-</span> 
     </span>
     <span class='ocr_line' id='line_1_22' title="bbox 96 1949 1390 2017; baseline 0.003 -17"><span class='ocrx_word' id='word_1_137' title='bbox 96 1953 356 2006; x_wconf 84' lang='lat' dir='ltr'>nuiffimus,</span> <span class='ocrx_word' id='word_1_138' title='bbox 405 1949 609 2013; x_wconf 87' lang='lat' dir='ltr'>plurimo</span> <span class='ocrx_word' id='word_1_139' title='bbox 657 1949 849 2012; x_wconf 83' lang='lat' dir='ltr'>spiritali</span> <span class='ocrx_word' id='word_1_140' title='bbox 880 1953 1129 2017; x_wconf 87' lang='lat' dir='ltr'>principio,</span> <span class='ocrx_word' id='word_1_141' title='bbox 1178 1969 1224 2001; x_wconf 84' lang='lat' dir='ltr'>et</span> <span class='ocrx_word' id='word_1_142' title='bbox 1268 1955 1390 2004; x_wconf 90' lang='lat' dir='ltr'>forte</span> 
     </span>
     <span class='ocr_line' id='line_1_23' title="bbox 92 2023 1388 2093; baseline 0.002 -18"><span class='ocrx_word' id='word_1_143' title='bbox 92 2027 291 2090; x_wconf 77' lang='lat' dir='ltr'>oxigino</span> <span class='ocrx_word' id='word_1_144' title='bbox 312 2040 414 2071; x_wconf 88' lang='lat' dir='ltr'>aere</span> <span class='ocrx_word' id='word_1_145' title='bbox 433 2023 657 2070; x_wconf 83' lang='lat' dir='ltr'>imbutus.</span> <span class='ocrx_word' id='word_1_146' title='bbox 681 2024 892 2088; x_wconf 83' lang='lat' dir='ltr'>Corpora</span> <span class='ocrx_word' id='word_1_147' title='bbox 908 2044 1037 2084; x_wconf 88' lang='lat' dir='ltr'>vero,</span> <span class='ocrx_word' id='word_1_148' title='bbox 1051 2044 1147 2091; x_wconf 88' lang='lat' dir='ltr'>quo</span> <span class='ocrx_word' id='word_1_149' title='bbox 1165 2030 1270 2092; x_wconf 84' lang='lat' dir='ltr'>plus</span> <span class='ocrx_word' id='word_1_150' title='bbox 1283 2047 1388 2093; x_wconf 83' lang='lat' dir='ltr'>per·</span> 
     </span>
     <span class='ocr_line' id='line_1_24' title="bbox 95 2096 1391 2165; baseline 0.002 -17"><span class='ocrx_word' id='word_1_151' title='bbox 95 2101 388 2165; x_wconf 85' lang='lat' dir='ltr'>spiraverint,</span> <span class='ocrx_word' id='word_1_152' title='bbox 441 2096 672 2159; x_wconf 82' lang='lat' dir='ltr'>fimulque</span> <span class='ocrx_word' id='word_1_153' title='bbox 708 2098 1060 2148; x_wconf 78' lang='lat' dir='ltr'>ventilationem</span> <span class='ocrx_word' id='word_1_154' title='bbox 1086 2102 1391 2163; x_wconf 87' lang='lat' dir='ltr'>sustinuerint,</span> 
     </span>
     <span class='ocr_line' id='line_1_25' title="bbox 97 2169 1394 2238; baseline 0.002 -18"><span class='ocrx_word' id='word_1_155' title='bbox 97 2175 205 2238; x_wconf 81' lang='lat' dir='ltr'>plus</span> <span class='ocrx_word' id='word_1_156' title='bbox 247 2172 386 2218; x_wconf 86' lang='lat' dir='ltr'>etiam</span> <span class='ocrx_word' id='word_1_157' title='bbox 451 2169 696 2216; x_wconf 73' lang='lat' dir='ltr'>calorificae</span> <span class='ocrx_word' id='word_1_158' title='bbox 748 2172 956 2218; x_wconf 83' lang='lat' dir='ltr'>materiei</span> <span class='ocrx_word' id='word_1_159' title='bbox 999 2174 1290 2231; x_wconf 87' lang='lat' dir='ltr'>ammittunt,</span> <span class='ocrx_word' id='word_1_160' title='bbox 1347 2191 1394 2223; x_wconf 89' lang='lat' dir='ltr'>et</span> 
     </span>
     <span class='ocr_line' id='line_1_26' title="bbox 100 2243 1393 2311; baseline 0.002 -18"><span class='ocrx_word' id='word_1_161' title='bbox 100 2244 533 2311; x_wconf 79' lang='lat' dir='ltr'>perfrigerationem</span> <span class='ocrx_word' id='word_1_162' title='bbox 556 2243 828 2304; x_wconf 88' lang='lat' dir='ltr'>patiuntur:</span> <span class='ocrx_word' id='word_1_163' title='bbox 854 2261 962 2309; x_wconf 83' lang='lat' dir='ltr'>quae</span> <span class='ocrx_word' id='word_1_164' title='bbox 986 2244 1167 2308; x_wconf 82' lang='lat' dir='ltr'>frigoris</span> <span class='ocrx_word' id='word_1_165' title='bbox 1182 2249 1296 2295; x_wconf 87' lang='lat' dir='ltr'>ratio</span> <span class='ocrx_word' id='word_1_166' title='bbox 1313 2266 1393 2297; x_wconf 84' lang='lat' dir='ltr'>ea-</span> 
     </span>
     <span class='ocr_line' id='line_1_27' title="bbox 102 2316 1393 2371; baseline 0.001 -1"><span class='ocrx_word' id='word_1_167' title='bbox 102 2323 212 2370; x_wconf 86' lang='lat' dir='ltr'>dem</span> <span class='ocrx_word' id='word_1_168' title='bbox 238 2320 283 2366; x_wconf 85' lang='lat' dir='ltr'>in</span> <span class='ocrx_word' id='word_1_169' title='bbox 309 2316 542 2366; x_wconf 88' lang='lat' dir='ltr'>montium</span> <span class='ocrx_word' id='word_1_170' title='bbox 580 2316 923 2365; x_wconf 83' lang='lat' dir='ltr'>summitatibus</span> <span class='ocrx_word' id='word_1_171' title='bbox 950 2319 1152 2367; x_wconf 78' lang='lat' dir='ltr'>constare</span> <span class='ocrx_word' id='word_1_172' title='bbox 1178 2323 1393 2371; x_wconf 86' lang='lat' dir='ltr'>creditur.</span> 
     </span>
     <span class='ocr_line' id='line_1_28' title="bbox 104 2391 1395 2457; baseline 0.002 -17"><span class='ocrx_word' id='word_1_173' title='bbox 104 2393 299 2444; x_wconf 87' lang='lat' dir='ltr'>Puriore</span> <span class='ocrx_word' id='word_1_174' title='bbox 320 2406 522 2453; x_wconf 86' lang='lat' dir='ltr'>namque</span> <span class='ocrx_word' id='word_1_175' title='bbox 541 2402 769 2436; x_wconf 78' lang='lat' dir='ltr'>montano</span> <span class='ocrx_word' id='word_1_176' title='bbox 788 2406 908 2447; x_wconf 83' lang='lat' dir='ltr'>aere,</span> <span class='ocrx_word' id='word_1_177' title='bbox 946 2391 1078 2454; x_wconf 80' lang='lat' dir='ltr'>cujus</span> <span class='ocrx_word' id='word_1_178' title='bbox 1097 2395 1278 2457; x_wconf 76' lang='lat' dir='ltr'>generis</span> <span class='ocrx_word' id='word_1_179' title='bbox 1297 2414 1395 2443; x_wconf 84' lang='lat' dir='ltr'>ma-</span> 
     </span>
     <span class='ocr_line' id='line_1_29' title="bbox 109 2462 1400 2533; baseline 0.003 -18"><span class='ocrx_word' id='word_1_180' title='bbox 109 2466 320 2515; x_wconf 86' lang='lat' dir='ltr'>tutinum</span> <span class='ocrx_word' id='word_1_181' title='bbox 346 2464 434 2512; x_wconf 83' lang='lat' dir='ltr'>effe</span> <span class='ocrx_word' id='word_1_182' title='bbox 453 2462 752 2525; x_wconf 85' lang='lat' dir='ltr'>suspicamur,</span> <span class='ocrx_word' id='word_1_183' title='bbox 779 2464 1086 2526; x_wconf 79' lang='lat' dir='ltr'>copiofiorem</span> <span class='ocrx_word' id='word_1_184' title='bbox 1103 2467 1400 2533; x_wconf 81' lang='lat' dir='ltr'>perspiratio-</span> 
     </span>
    </p>
   </div>
   <div class='ocr_carea' id='block_1_6' title="bbox 354 2648 1403 2756">
    <p class='ocr_par' dir='ltr' id='par_1_7' title="bbox 354 2648 1403 2756">
     <span class='ocr_line' id='line_1_30' title="bbox 354 2648 1022 2704; baseline 0.01 -18"><span class='ocrx_word' id='word_1_185' title='bbox 354 2695 360 2700; x_wconf 37' lang='grc' dir='ltr'>ι</span> <span class='ocrx_word' id='word_1_186' title='bbox 418 2652 437 2676; x_wconf 75' lang='lat'><em>7</em></span> <span class='ocrx_word' id='word_1_187' title='bbox 462 2649 643 2688; x_wconf 80' lang='lat' dir='ltr'>De·Med.</span> <span class='ocrx_word' id='word_1_188' title='bbox 670 2648 760 2689; x_wconf 80' lang='lat' dir='ltr'><em>Lib.</em></span> <span class='ocrx_word' id='word_1_189' title='bbox 779 2649 856 2689; x_wconf 77' lang='lat' dir='ltr'><strong>III.</strong></span> <span class='ocrx_word' id='word_1_190' title='bbox 884 2659 962 2704; x_wconf 78' lang='lat' dir='ltr'>cap.</span> <span class='ocrx_word' id='word_1_191' title='bbox 982 2665 1022 2693; x_wconf 74' lang='grc' dir='ltr'>Υ.</span> 
     </span>
     <span class='ocr_line' id='line_1_31' title="bbox 1293 2724 1403 2756; baseline 0.018 -2"><span class='ocrx_word' id='word_1_192' title='bbox 1293 2724 1403 2756; x_wconf 62' lang='lat' dir='ltr'>nem</span> 
     </span>
    </p>
   </div>
  </div>
 </body>
</html>
