<?xml version="1.0" encoding="UTF-8"?>
<!DOCTYPE html PUBLIC "-//W3C//DTD XHTML 1.0 Transitional//EN"
    "http://www.w3.org/TR/xhtml1/DTD/xhtml1-transitional.dtd">
<html xmlns="http://www.w3.org/1999/xhtml" xml:lang="en" lang="en">
 <head>
  <title>
</title>
<meta http-equiv="Content-Type" content="text/html;charset=utf-8" />
  <meta name='ocr-system' content='tesseract 3.04.00' />
  <meta name='ocr-capabilities' content='ocr_page ocr_carea ocr_par ocr_line ocrx_word'/>
</head>
<body>
  <div class='ocr_page' id='page_1' title='image "./devitalibusperio02testuoft_0195.png"; bbox 0 0 1871 3211; ppageno 0'>
   <div class='ocr_carea' id='block_1_1' title="bbox 422 294 1413 351">
    <p class='ocr_par' dir='ltr' id='par_1_1' title="bbox 422 294 1413 351">
     <span class='ocr_line' id='line_1_1' title="bbox 422 294 1413 351; baseline -0.001 -1"><span class='ocrx_word' id='word_1_1' title='bbox 422 300 1119 351; x_wconf 89' lang='lat' dir='ltr'><strong>CAUSSIS.</strong></span> <span class='ocrx_word' id='word_1_2' title='bbox 1330 294 1413 339; x_wconf 78' lang='lat'>181</span> 
     </span>
    </p>
   </div>
   <div class='ocr_carea' id='block_1_2' title="bbox 83 426 1421 2414">
    <p class='ocr_par' dir='ltr' id='par_1_2' title="bbox 83 426 1421 2414">
     <span class='ocr_line' id='line_1_2' title="bbox 121 426 1421 495; baseline -0.005 -16"><span class='ocrx_word' id='word_1_3' title='bbox 121 433 250 494; x_wconf 87' lang='lat' dir='ltr'>poris</span> <span class='ocrx_word' id='word_1_4' title='bbox 270 434 417 490; x_wconf 77' lang='lat' dir='ltr'>locu3‚</span> <span class='ocrx_word' id='word_1_5' title='bbox 448 434 540 481; x_wconf 89' lang='lat' dir='ltr'>five</span> <span class='ocrx_word' id='word_1_6' title='bbox 555 447 706 491; x_wconf 86' lang='lat' dir='ltr'>extus,</span> <span class='ocrx_word' id='word_1_7' title='bbox 733 435 823 482; x_wconf 84' lang='lat' dir='ltr'>five</span> <span class='ocrx_word' id='word_1_8' title='bbox 844 435 982 491; x_wconf 85' lang='lat' dir='ltr'>intus,</span> <span class='ocrx_word' id='word_1_9' title='bbox 1008 432 1068 495; x_wconf 43' lang='lat' dir='ltr'>gin</span> <span class='ocrx_word' id='word_1_10' title='bbox 1093 445 1237 494; x_wconf 88' lang='lat' dir='ltr'>quem</span> <span class='ocrx_word' id='word_1_11' title='bbox 1261 426 1421 491; x_wconf 86' lang='lat' dir='ltr'>paullo</span> 
     </span>
     <span class='ocr_line' id='line_1_3' title="bbox 124 505 1419 574; baseline -0.002 -21"><span class='ocrx_word' id='word_1_12' title='bbox 124 506 316 555; x_wconf 83' lang='lat' dir='ltr'>liberior</span> <span class='ocrx_word' id='word_1_13' title='bbox 357 522 549 556; x_wconf 86' lang='lat' dir='ltr'>externo</span> <span class='ocrx_word' id='word_1_14' title='bbox 602 511 694 557; x_wconf 88' lang='lat' dir='ltr'>aeri</span> <span class='ocrx_word' id='word_1_15' title='bbox 741 511 894 557; x_wconf 83' lang='lat' dir='ltr'>aditus</span> <span class='ocrx_word' id='word_1_16' title='bbox 935 520 1107 574; x_wconf 84' lang='lat' dir='ltr'>pateat,</span> <span class='ocrx_word' id='word_1_17' title='bbox 1157 505 1279 551; x_wconf 86' lang='lat' dir='ltr'>unde</span> <span class='ocrx_word' id='word_1_18' title='bbox 1327 519 1419 549; x_wconf 87' lang='lat' dir='ltr'>non</span> 
     </span>
     <span class='ocr_line' id='line_1_4' title="bbox 83 579 1418 647; baseline -0.001 -21"><span class='ocrx_word' id='word_1_19' title='bbox 83 579 85 581; x_wconf 56' lang='grc'><strong><em>’</em></strong></span> <span class='ocrx_word' id='word_1_20' title='bbox 122 581 379 644; x_wconf 87' lang='lat' dir='ltr'>aliquando</span> <span class='ocrx_word' id='word_1_21' title='bbox 404 600 458 630; x_wconf 84' lang='lat' dir='ltr'>ea</span> <span class='ocrx_word' id='word_1_22' title='bbox 482 597 618 631; x_wconf 70' lang='lat' dir='ltr'>aetate</span> <span class='ocrx_word' id='word_1_23' title='bbox 639 584 819 647; x_wconf 80' lang='lat' dir='ltr'>sanguis</span> <span class='ocrx_word' id='word_1_24' title='bbox 844 581 1164 637; x_wconf 85' lang='lat' dir='ltr'>exstillaverit,</span> <span class='ocrx_word' id='word_1_25' title='bbox 1205 592 1256 632; x_wconf 79' lang='lat' dir='ltr'>ut</span> <span class='ocrx_word' id='word_1_26' title='bbox 1280 594 1418 640; x_wconf 87' lang='lat' dir='ltr'>prop-</span> 
     </span>
     <span class='ocr_line' id='line_1_5' title="bbox 122 651 1419 720; baseline 0.005 -20"><span class='ocrx_word' id='word_1_27' title='bbox 122 667 246 701; x_wconf 85' lang='lat' dir='ltr'>terea</span> <span class='ocrx_word' id='word_1_28' title='bbox 271 673 327 703; x_wconf 85' lang='lat' dir='ltr'>ex</span> <span class='ocrx_word' id='word_1_29' title='bbox 350 659 592 720; x_wconf 83' lang='lat' dir='ltr'>pulmone,</span> <span class='ocrx_word' id='word_1_30' title='bbox 637 658 870 715; x_wconf 88' lang='lat' dir='ltr'>faucibus,</span> <span class='ocrx_word' id='word_1_31' title='bbox 913 658 1118 712; x_wconf 83' lang='lat' dir='ltr'>naribus,</span> <span class='ocrx_word' id='word_1_32' title='bbox 1158 654 1321 707; x_wconf 65' lang='grc' dir='ltr'>νεῦρα,</span> <span class='ocrx_word' id='word_1_33' title='bbox 1350 651 1419 696; x_wconf 63' lang='grc' dir='ltr'>ὶῐὶ-</span> 
     </span>
     <span class='ocr_line' id='line_1_6' title="bbox 120 729 1421 796; baseline -0.001 -22"><span class='ocrx_word' id='word_1_34' title='bbox 120 729 287 778; x_wconf 88' lang='lat' dir='ltr'>testino</span> <span class='ocrx_word' id='word_1_35' title='bbox 331 733 472 789; x_wconf 69' lang='lat' dir='ltr'>rectQ</span> <span class='ocrx_word' id='word_1_36' title='bbox 522 747 628 780; x_wconf 88' lang='lat' dir='ltr'>cute</span> <span class='ocrx_word' id='word_1_37' title='bbox 676 735 882 796; x_wconf 88' lang='lat' dir='ltr'>denique</span> <span class='ocrx_word' id='word_1_38' title='bbox 930 731 1144 779; x_wconf 83' lang='lat' dir='ltr'>universa</span> <span class='ocrx_word' id='word_1_39' title='bbox 1188 729 1421 793; x_wconf 77' lang='lat' dir='ltr'>profluere</span> 
     </span>
     <span class='ocr_line' id='line_1_7' title="bbox 119 803 1419 871; baseline -0.002 -22"><span class='ocrx_word' id='word_1_40' title='bbox 119 803 242 852; x_wconf 84' lang='lat' dir='ltr'>vi¹sus</span> <span class='ocrx_word' id='word_1_41' title='bbox 289 806 359 866; x_wconf 83' lang='lat' dir='ltr'>fit,</span> <span class='ocrx_word' id='word_1_42' title='bbox 417 806 676 871; x_wconf 85' lang='lat' dir='ltr'>cujusmodi</span> <span class='ocrx_word' id='word_1_43' title='bbox 734 809 868 871; x_wconf 83' lang='lat' dir='ltr'>supra</span> <span class='ocrx_word' id='word_1_44' title='bbox 921 807 1138 869; x_wconf 82' lang='lat' dir='ltr'>exempla</span> <span class='ocrx_word' id='word_1_45' title='bbox 1185 803 1419 851; x_wconf 81' lang='lat' dir='ltr'><strong>dedimus.</strong></span> 
     </span>
     <span class='ocr_line' id='line_1_8' title="bbox 118 877 1420 937; baseline -0.003 -11"><span class='ocrx_word' id='word_1_46' title='bbox 118 879 298 927; x_wconf 85' lang='lat' dir='ltr'>Eorum</span> <span class='ocrx_word' id='word_1_47' title='bbox 325 898 436 930; x_wconf 89' lang='lat' dir='ltr'>vero</span> <span class='ocrx_word' id='word_1_48' title='bbox 462 883 592 928; x_wconf 83' lang='lat' dir='ltr'>nulla</span> <span class='ocrx_word' id='word_1_49' title='bbox 618 883 715 928; x_wconf 81' lang='lat' dir='ltr'>fieri</span> <span class='ocrx_word' id='word_1_50' title='bbox 744 882 926 937; x_wconf 84' lang='lat' dir='ltr'>censeo,</span> <span class='ocrx_word' id='word_1_51' title='bbox 966 882 1047 927; x_wconf 75' lang='lat' dir='ltr'>nisi</span> <span class='ocrx_word' id='word_1_52' title='bbox 1068 880 1206 927; x_wconf 83' lang='lat' dir='ltr'>locali</span> <span class='ocrx_word' id='word_1_53' title='bbox 1235 877 1420 925; x_wconf 83' lang='lat' dir='ltr'>Solido-</span> 
     </span>
     <span class='ocr_line' id='line_1_9' title="bbox 117 951 1418 1016; baseline -0.002 -19"><span class='ocrx_word' id='word_1_54' title='bbox 117 967 222 1000; x_wconf 88' lang='lat' dir='ltr'>rum</span> <span class='ocrx_word' id='word_1_55' title='bbox 249 953 420 1001; x_wconf 86' lang='lat' dir='ltr'>alicubi</span> <span class='ocrx_word' id='word_1_56' title='bbox 449 954 715 1016; x_wconf 74' lang='lat' dir='ltr'>interposita</span> <span class='ocrx_word' id='word_1_57' title='bbox 733 954 995 1009; x_wconf 85' lang='lat' dir='ltr'>debilitate,</span> <span class='ocrx_word' id='word_1_58' title='bbox 1033 953 1125 999; x_wconf 77' lang='lat' dir='ltr'>slve</span> <span class='ocrx_word' id='word_1_59' title='bbox 1150 951 1280 1014; x_wconf 87' lang='lat' dir='ltr'>quod</span> <span class='ocrx_word' id='word_1_60' title='bbox 1307 965 1418 1012; x_wconf 89' lang='lat' dir='ltr'>pro-</span> 
     </span>
     <span class='ocr_line' id='line_1_10' title="bbox 118 1025 1417 1093; baseline -0.002 -21"><span class='ocrx_word' id='word_1_61' title='bbox 118 1027 414 1093; x_wconf 44' lang='lat' dir='ltr'>piusdverum</span> <span class='ocrx_word' id='word_1_62' title='bbox 436 1029 692 1091; x_wconf 77' lang='lat' dir='ltr'>significare</span> <span class='ocrx_word' id='word_1_63' title='bbox 708 1028 893 1090; x_wconf 87' lang='lat' dir='ltr'>judico,</span> <span class='ocrx_word' id='word_1_64' title='bbox 923 1045 979 1074; x_wconf 86' lang='lat' dir='ltr'>ex</span> <span class='ocrx_word' id='word_1_65' title='bbox 1006 1027 1320 1091; x_wconf 80' lang='lat' dir='ltr'>proportionis</span> <span class='ocrx_word' id='word_1_66' title='bbox 1345 1025 1417 1070; x_wconf 83' lang='lat' dir='ltr'>in-</span> 
     </span>
     <span class='ocr_line' id='line_1_11' title="bbox 118 1098 1419 1160; baseline -0.002 -14"><span class='ocrx_word' id='word_1_67' title='bbox 118 1113 190 1147; x_wconf 82' lang='lat' dir='ltr'>ter</span> <span class='ocrx_word' id='word_1_68' title='bbox 230 1115 384 1149; x_wconf 88' lang='lat' dir='ltr'>motus</span> <span class='ocrx_word' id='word_1_69' title='bbox 422 1103 549 1150; x_wconf 84' lang='lat' dir='ltr'>Vitae</span> <span class='ocrx_word' id='word_1_70' title='bbox 588 1103 811 1160; x_wconf 59' lang='lat' dir='ltr'>deffeehi,</span> <span class='ocrx_word' id='word_1_71' title='bbox 867 1117 918 1149; x_wconf 82' lang='lat' dir='ltr'>ut</span> <span class='ocrx_word' id='word_1_72' title='bbox 959 1102 1129 1148; x_wconf 86' lang='lat' dir='ltr'>alicubi</span> <span class='ocrx_word' id='word_1_73' title='bbox 1170 1098 1419 1146; x_wconf 68' lang='lat' dir='ltr'>reaffiones</span> 
     </span>
     <span class='ocr_line' id='line_1_12' title="bbox 118 1173 1420 1240; baseline -0.001 -20"><span class='ocrx_word' id='word_1_74' title='bbox 118 1173 383 1222; x_wconf 70' lang='lat' dir='ltr'>afflonibus</span> <span class='ocrx_word' id='word_1_75' title='bbox 427 1177 626 1240; x_wconf 86' lang='lat' dir='ltr'>impares</span> <span class='ocrx_word' id='word_1_76' title='bbox 667 1177 770 1224; x_wconf 79' lang='lat' dir='ltr'>sint.</span> <span class='ocrx_word' id='word_1_77' title='bbox 844 1180 1001 1240; x_wconf 79' lang='lat' dir='ltr'>Qare</span> <span class='ocrx_word' id='word_1_78' title='bbox 1049 1176 1133 1221; x_wconf 81' lang='lat' dir='ltr'>rite</span> <span class='ocrx_word' id='word_1_79' title='bbox 1173 1173 1420 1220; x_wconf 82' lang='lat' dir='ltr'>constituta</span> 
     </span>
     <span class='ocr_line' id='line_1_13' title="bbox 117 1247 1419 1313; baseline 0 -20"><span class='ocrx_word' id='word_1_80' title='bbox 117 1247 315 1295; x_wconf 86' lang='lat' dir='ltr'>univerfi</span> <span class='ocrx_word' id='word_1_81' title='bbox 357 1251 564 1313; x_wconf 84' lang='lat' dir='ltr'>corporis</span> <span class='ocrx_word' id='word_1_82' title='bbox 608 1253 783 1308; x_wconf 77' lang='lat' dir='ltr'>Solida,</span> <span class='ocrx_word' id='word_1_83' title='bbox 823 1252 958 1307; x_wconf 86' lang='lat' dir='ltr'>hanc,</span> <span class='ocrx_word' id='word_1_84' title='bbox 1012 1265 1155 1313; x_wconf 85' lang='lat' dir='ltr'>quam</span> <span class='ocrx_word' id='word_1_85' title='bbox 1197 1247 1419 1305; x_wconf 70' lang='lat' dir='ltr'>diximus,</span> 
     </span>
     <span class='ocr_line' id='line_1_14' title="bbox 119 1323 1420 1387; baseline -0.001 -18"><span class='ocrx_word' id='word_1_86' title='bbox 119 1323 372 1371; x_wconf 88' lang='lat' dir='ltr'>fluidorum</span> <span class='ocrx_word' id='word_1_87' title='bbox 399 1325 819 1387; x_wconf 83' lang='lat' dir='ltr'>expanfibilitatem</span> <span class='ocrx_word' id='word_1_88' title='bbox 839 1326 995 1372; x_wconf 83' lang='lat' dir='ltr'>debite</span> <span class='ocrx_word' id='word_1_89' title='bbox 1020 1339 1252 1378; x_wconf 85' lang='lat' dir='ltr'>coercent,</span> <span class='ocrx_word' id='word_1_90' title='bbox 1277 1336 1328 1369; x_wconf 85' lang='lat' dir='ltr'>ut</span> <span class='ocrx_word' id='word_1_91' title='bbox 1347 1339 1420 1369; x_wconf 88' lang='lat' dir='ltr'>re-</span> 
     </span>
     <span class='ocr_line' id='line_1_15' title="bbox 116 1397 1418 1461; baseline -0.002 -17"><span class='ocrx_word' id='word_1_92' title='bbox 116 1413 240 1452; x_wconf 86' lang='lat' dir='ltr'>vera,</span> <span class='ocrx_word' id='word_1_93' title='bbox 289 1414 397 1461; x_wconf 86' lang='lat' dir='ltr'>quae</span> <span class='ocrx_word' id='word_1_94' title='bbox 422 1399 539 1446; x_wconf 82' lang='lat' dir='ltr'>sanae</span> <span class='ocrx_word' id='word_1_95' title='bbox 564 1399 669 1446; x_wconf 87' lang='lat' dir='ltr'>sunt</span> <span class='ocrx_word' id='word_1_96' title='bbox 702 1401 939 1454; x_wconf 80' lang='lat' dir='ltr'>mulieres,</span> <span class='ocrx_word' id='word_1_97' title='bbox 984 1399 1112 1444; x_wconf 82' lang='lat' dir='ltr'>nulla</span> <span class='ocrx_word' id='word_1_98' title='bbox 1137 1414 1191 1443; x_wconf 75' lang='lat' dir='ltr'>ex</span> <span class='ocrx_word' id='word_1_99' title='bbox 1218 1397 1270 1443; x_wconf 82' lang='lat' dir='ltr'>iis</span> <span class='ocrx_word' id='word_1_100' title='bbox 1295 1397 1418 1459; x_wconf 87' lang='lat' dir='ltr'>pati-</span> 
     </span>
     <span class='ocr_line' id='line_1_16' title="bbox 122 1466 1420 1536; baseline -0.001 -18"><span class='ocrx_word' id='word_1_101' title='bbox 122 1486 274 1520; x_wconf 82' lang='lat' dir='ltr'>antur.</span> <span class='ocrx_word' id='word_1_102' title='bbox 346 1475 507 1536; x_wconf 81' lang='lat' dir='ltr'>Qam</span> <span class='ocrx_word' id='word_1_103' title='bbox 533 1474 595 1520; x_wconf 94' lang='lat' dir='ltr'>ob</span> <span class='ocrx_word' id='word_1_104' title='bbox 622 1476 824 1522; x_wconf 74' lang='lat' dir='ltr'>caussam</span> <span class='ocrx_word' id='word_1_105' title='bbox 852 1473 1052 1521; x_wconf 77' lang='lat' dir='ltr'>arbitror</span> <span class='ocrx_word' id='word_1_106' title='bbox 1076 1466 1311 1536; x_wconf 71' lang='lat' dir='ltr'>pertusam</span> <span class='ocrx_word' id='word_1_107' title='bbox 1336 1488 1420 1535; x_wconf 88' lang='lat' dir='ltr'>per</span> 
     </span>
     <span class='ocr_line' id='line_1_17' title="bbox 121 1544 1419 1611; baseline 0 -20"><span class='ocrx_word' id='word_1_108' title='bbox 121 1544 170 1590; x_wconf 85' lang='lat' dir='ltr'>id</span> <span class='ocrx_word' id='word_1_109' title='bbox 197 1560 382 1609; x_wconf 84' lang='lat' dir='ltr'>tempus</span> <span class='ocrx_word' id='word_1_110' title='bbox 407 1563 576 1593; x_wconf 84' lang='lat' dir='ltr'>venam</span> <span class='ocrx_word' id='word_1_111' title='bbox 602 1548 718 1611; x_wconf 73' lang='lat' dir='ltr'>saepe</span> <span class='ocrx_word' id='word_1_112' title='bbox 740 1549 961 1595; x_wconf 81' lang='lat' dir='ltr'>morbum</span> <span class='ocrx_word' id='word_1_113' title='bbox 983 1546 1318 1610; x_wconf 84' lang='lat' dir='ltr'>provocavisse,</span> <span class='ocrx_word' id='word_1_114' title='bbox 1359 1545 1419 1592; x_wconf 87' lang='lat' dir='ltr'>ab</span> 
     </span>
     <span class='ocr_line' id='line_1_18' title="bbox 119 1618 1420 1684; baseline 0.001 -20"><span class='ocrx_word' id='word_1_115' title='bbox 119 1634 267 1681; x_wconf 84' lang='lat' dir='ltr'>eaque</span> <span class='ocrx_word' id='word_1_116' title='bbox 309 1619 455 1665; x_wconf 81' lang='lat' dir='ltr'>infido</span> <span class='ocrx_word' id='word_1_117' title='bbox 497 1621 695 1666; x_wconf 88' lang='lat' dir='ltr'>nimium</span> <span class='ocrx_word' id='word_1_118' title='bbox 738 1620 835 1684; x_wconf 85' lang='lat' dir='ltr'>ejus</span> <span class='ocrx_word' id='word_1_119' title='bbox 875 1620 986 1666; x_wconf 79' lang='lat' dir='ltr'>mali</span> <span class='ocrx_word' id='word_1_120' title='bbox 1025 1619 1238 1674; x_wconf 83' lang='lat' dir='ltr'>subfidio,</span> <span class='ocrx_word' id='word_1_121' title='bbox 1274 1618 1420 1681; x_wconf 85' lang='lat' dir='ltr'>inque</span> 
     </span>
     <span class='ocr_line' id='line_1_19' title="bbox 120 1690 1421 1758; baseline 0 -21"><span class='ocrx_word' id='word_1_122' title='bbox 120 1690 215 1756; x_wconf 88' lang='lat' dir='ltr'>ipsa</span> <span class='ocrx_word' id='word_1_123' title='bbox 240 1693 501 1756; x_wconf 83' lang='lat' dir='ltr'>eruptione,</span> <span class='ocrx_word' id='word_1_124' title='bbox 535 1694 782 1758; x_wconf 79' lang='lat' dir='ltr'>plusquam</span> <span class='ocrx_word' id='word_1_125' title='bbox 827 1695 857 1741; x_wconf 86' lang='lat' dir='ltr'>fi</span> <span class='ocrx_word' id='word_1_126' title='bbox 898 1707 1004 1740; x_wconf 86' lang='lat' dir='ltr'>ante</span> <span class='ocrx_word' id='word_1_127' title='bbox 1047 1692 1094 1738; x_wconf 83' lang='lat' dir='ltr'>id</span> <span class='ocrx_word' id='word_1_128' title='bbox 1129 1705 1316 1755; x_wconf 79' lang='lat' dir='ltr'>ternpus</span> <span class='ocrx_word' id='word_1_129' title='bbox 1359 1693 1421 1738; x_wconf 80' lang='lat' dir='ltr'>ad</span> 
     </span>
     <span class='ocr_line' id='line_1_20' title="bbox 117 1764 1419 1828; baseline 0 -18"><span class='ocrx_word' id='word_1_130' title='bbox 117 1765 484 1828; x_wconf 84' lang='lat' dir='ltr'>praecavendum</span> <span class='ocrx_word' id='word_1_131' title='bbox 511 1767 608 1821; x_wconf 82' lang='lat' dir='ltr'>fiat,</span> <span class='ocrx_word' id='word_1_132' title='bbox 650 1765 819 1812; x_wconf 84' lang='lat' dir='ltr'>melius</span> <span class='ocrx_word' id='word_1_133' title='bbox 862 1767 948 1812; x_wconf 81' lang='lat' dir='ltr'>effe</span> <span class='ocrx_word' id='word_1_134' title='bbox 975 1782 1156 1821; x_wconf 83' lang='lat' dir='ltr'>cavere,</span> <span class='ocrx_word' id='word_1_135' title='bbox 1202 1764 1284 1811; x_wconf 82' lang='lat' dir='ltr'>nisl</span> <span class='ocrx_word' id='word_1_136' title='bbox 1317 1780 1419 1811; x_wconf 88' lang='lat' dir='ltr'>me-</span> 
     </span>
     <span class='ocr_line' id='line_1_21' title="bbox 117 1838 1417 1901; baseline -0.001 -17"><span class='ocrx_word' id='word_1_137' title='bbox 117 1851 194 1885; x_wconf 90' lang='lat' dir='ltr'>tus</span> <span class='ocrx_word' id='word_1_138' title='bbox 223 1838 611 1885; x_wconf 81' lang='lat' dir='ltr'>inflammationis</span> <span class='ocrx_word' id='word_1_139' title='bbox 639 1839 770 1884; x_wconf 77' lang='lat' dir='ltr'>adsit.</span> <span class='ocrx_word' id='word_1_140' title='bbox 809 1838 929 1885; x_wconf 88' lang='lat' dir='ltr'>Fuso</span> <span class='ocrx_word' id='word_1_141' title='bbox 949 1843 1155 1901; x_wconf 76' lang='lat' dir='ltr'>namque</span> <span class='ocrx_word' id='word_1_142' title='bbox 1174 1838 1417 1900; x_wconf 83' lang='lat' dir='ltr'>sanguine,</span> 
     </span>
     <span class='ocr_line' id='line_1_22' title="bbox 117 1910 1417 1975; baseline 0 -18"><span class='ocrx_word' id='word_1_143' title='bbox 117 1913 245 1975; x_wconf 87' lang='lat' dir='ltr'>plus,</span> <span class='ocrx_word' id='word_1_144' title='bbox 288 1912 419 1973; x_wconf 88' lang='lat' dir='ltr'>quod</span> <span class='ocrx_word' id='word_1_145' title='bbox 445 1911 687 1966; x_wconf 81' lang='lat' dir='ltr'>rarescant,</span> <span class='ocrx_word' id='word_1_146' title='bbox 732 1910 876 1956; x_wconf 83' lang='lat' dir='ltr'>fluida</span> <span class='ocrx_word' id='word_1_147' title='bbox 913 1912 1102 1966; x_wconf 82' lang='lat' dir='ltr'>habent,</span> <span class='ocrx_word' id='word_1_148' title='bbox 1145 1925 1417 1973; x_wconf 82' lang='lat' dir='ltr'>propterea-</span> 
     </span>
     <span class='ocr_line' id='line_1_23' title="bbox 116 1983 1417 2049; baseline 0.002 -18"><span class='ocrx_word' id='word_1_149' title='bbox 116 2002 209 2049; x_wconf 86' lang='lat' dir='ltr'>que</span> <span class='ocrx_word' id='word_1_150' title='bbox 260 1985 340 2031; x_wconf 86' lang='lat' dir='ltr'>nifi</span> <span class='ocrx_word' id='word_1_151' title='bbox 380 1984 493 2047; x_wconf 84' lang='lat' dir='ltr'>quid</span> <span class='ocrx_word' id='word_1_152' title='bbox 532 1986 729 2032; x_wconf 82' lang='lat' dir='ltr'>Naturae</span> <span class='ocrx_word' id='word_1_153' title='bbox 771 1983 974 2048; x_wconf 88' lang='lat' dir='ltr'>impetus</span> <span class='ocrx_word' id='word_1_154' title='bbox 1022 1985 1240 2031; x_wconf 82' lang='lat' dir='ltr'>aliorsum</span> <span class='ocrx_word' id='word_1_155' title='bbox 1285 2002 1417 2033; x_wconf 86' lang='lat' dir='ltr'>venae</span> 
     </span>
     <span class='ocr_line' id='line_1_24' title="bbox 117 2057 1419 2113; baseline 0.001 -8"><span class='ocrx_word' id='word_1_156' title='bbox 117 2059 320 2106; x_wconf 71' lang='lat' dir='ltr'>sefflone</span> <span class='ocrx_word' id='word_1_157' title='bbox 348 2058 582 2113; x_wconf 82' lang='lat' dir='ltr'>incitatus,</span> <span class='ocrx_word' id='word_1_158' title='bbox 621 2072 699 2104; x_wconf 83' lang='lat' dir='ltr'>aut</span> <span class='ocrx_word' id='word_1_159' title='bbox 723 2057 879 2104; x_wconf 86' lang='lat' dir='ltr'>debite</span> <span class='ocrx_word' id='word_1_160' title='bbox 924 2058 1178 2105; x_wconf 83' lang='lat' dir='ltr'>succedens</span> <span class='ocrx_word' id='word_1_161' title='bbox 1204 2057 1419 2106; x_wconf 81' lang='lat' dir='ltr'>vasorum</span> 
     </span>
     <span class='ocr_line' id='line_1_25' title="bbox 119 2130 1418 2194; baseline 0.002 -17"><span class='ocrx_word' id='word_1_162' title='bbox 119 2131 350 2194; x_wconf 84' lang='lat' dir='ltr'>collapsus</span> <span class='ocrx_word' id='word_1_163' title='bbox 376 2130 627 2193; x_wconf 79' lang='lat' dir='ltr'>adjuverit,</span> <span class='ocrx_word' id='word_1_164' title='bbox 672 2130 837 2192; x_wconf 79' lang='lat' dir='ltr'>saepius</span> <span class='ocrx_word' id='word_1_165' title='bbox 871 2130 1104 2193; x_wconf 82' lang='lat' dir='ltr'>sanguinis</span> <span class='ocrx_word' id='word_1_166' title='bbox 1131 2131 1418 2179; x_wconf 70' lang='lat' dir='ltr'>detraffione</span> 
     </span>
     <span class='ocr_line' id='line_1_26' title="bbox 113 2205 1417 2271; baseline 0.001 -18"><span class='ocrx_word' id='word_1_167' title='bbox 113 2206 306 2253; x_wconf 81' lang='lat' dir='ltr'>morbus</span> <span class='ocrx_word' id='word_1_168' title='bbox 333 2206 648 2268; x_wconf 82' lang='lat' dir='ltr'>exasperaeur.</span> <span class='ocrx_word' id='word_1_169' title='bbox 705 2205 893 2268; x_wconf 79' lang='lat' dir='ltr'>Qibus</span> <span class='ocrx_word' id='word_1_170' title='bbox 919 2205 1132 2251; x_wconf 77' lang='lat' dir='ltr'>addenda</span> <span class='ocrx_word' id='word_1_171' title='bbox 1164 2205 1284 2263; x_wconf 85' lang='lat' dir='ltr'>sunt,</span> <span class='ocrx_word' id='word_1_172' title='bbox 1310 2224 1417 2271; x_wconf 86' lang='lat' dir='ltr'>quae</span> 
     </span>
     <span class='ocr_line' id='line_1_27' title="bbox 118 2277 1420 2344; baseline 0.002 -19"><span class='ocrx_word' id='word_1_173' title='bbox 118 2279 180 2325; x_wconf 89' lang='lat' dir='ltr'>de</span> <span class='ocrx_word' id='word_1_174' title='bbox 229 2278 414 2323; x_wconf 57' lang='lat' dir='ltr'>:mota15</span> <span class='ocrx_word' id='word_1_175' title='bbox 459 2278 644 2324; x_wconf 85' lang='lat' dir='ltr'>vacuati</span> <span class='ocrx_word' id='word_1_176' title='bbox 689 2279 896 2343; x_wconf 83' lang='lat' dir='ltr'>corporis</span> <span class='ocrx_word' id='word_1_177' title='bbox 950 2277 1241 2325; x_wconf 80' lang='lat' dir='ltr'>absorbtione</span> <span class='ocrx_word' id='word_1_178' title='bbox 1288 2280 1420 2344; x_wconf 83' lang='lat' dir='ltr'>supra</span> 
     </span>
     <span class='ocr_line' id='line_1_28' title="bbox 119 2350 398 2414; baseline -0.004 -16"><span class='ocrx_word' id='word_1_179' title='bbox 119 2350 398 2414; x_wconf 81' lang='lat' dir='ltr'>scripfimuS.</span> 
     </span>
    </p>
   </div>
   <div class='ocr_carea' id='block_1_3' title="bbox 120 2488 1418 2704">
    <p class='ocr_par' dir='ltr' id='par_1_3' title="bbox 120 2488 1418 2704">
     <span class='ocr_line' id='line_1_29' title="bbox 191 2488 1416 2553; baseline 0.002 -14"><span class='ocrx_word' id='word_1_180' title='bbox 191 2491 269 2539; x_wconf 80' lang='lat'>26.</span> <span class='ocrx_word' id='word_1_181' title='bbox 326 2490 416 2536; x_wconf 87' lang='lat' dir='ltr'>Sed</span> <span class='ocrx_word' id='word_1_182' title='bbox 465 2506 545 2536; x_wconf 80' lang='lat' dir='ltr'>cur</span> <span class='ocrx_word' id='word_1_183' title='bbox 605 2488 897 2553; x_wconf 71' lang='lat' dir='ltr'>singulariter</span> <span class='ocrx_word' id='word_1_184' title='bbox 946 2491 1247 2540; x_wconf 69' lang='lat' dir='ltr'>muiiebrium</span> <span class='ocrx_word' id='word_1_185' title='bbox 1296 2494 1416 2550; x_wconf 81' lang='lat' dir='ltr'>loca,</span> 
     </span>
     <span class='ocr_line' id='line_1_30' title="bbox 120 2563 1417 2632; baseline 0.003 -21"><span class='ocrx_word' id='word_1_186' title='bbox 120 2577 288 2629; x_wconf 84' lang='lat' dir='ltr'>praeter</span> <span class='ocrx_word' id='word_1_187' title='bbox 319 2564 614 2625; x_wconf 86' lang='lat' dir='ltr'>pulmonem,</span> <span class='ocrx_word' id='word_1_188' title='bbox 651 2563 865 2611; x_wconf 82' lang='lat' dir='ltr'>foeminei</span> <span class='ocrx_word' id='word_1_189' title='bbox 890 2565 1124 2628; x_wconf 83' lang='lat' dir='ltr'>sanguinis</span> <span class='ocrx_word' id='word_1_190' title='bbox 1148 2568 1417 2632; x_wconf 82' lang='lat' dir='ltr'>dephlogis-</span> 
     </span>
     <span class='ocr_line' id='line_1_31' title="bbox 121 2636 1418 2704; baseline 0.002 -19"><span class='ocrx_word' id='word_1_191' title='bbox 121 2636 298 2693; x_wconf 85' lang='lat' dir='ltr'>ticatiO,</span> <span class='ocrx_word' id='word_1_192' title='bbox 324 2636 587 2686; x_wconf 80' lang='lat' dir='ltr'>Pubertatis</span> <span class='ocrx_word' id='word_1_193' title='bbox 612 2637 843 2701; x_wconf 85' lang='lat' dir='ltr'>principio</span> <span class='ocrx_word' id='word_1_194' title='bbox 873 2651 1047 2696; x_wconf 75' lang='lat' dir='ltr'>teneat,</span> <span class='ocrx_word' id='word_1_195' title='bbox 1071 2640 1221 2704; x_wconf 75' lang='lat' dir='ltr'>adque</span> <span class='ocrx_word' id='word_1_196' title='bbox 1247 2641 1418 2690; x_wconf 44' lang='lat' dir='ltr'>dilata⁹</span> 
     </span>
    </p>
   </div>
   <div class='ocr_carea' id='block_1_4' title="bbox 310 2768 1421 2901">
    <p class='ocr_par' dir='ltr' id='par_1_4' title="bbox 310 2768 1421 2901">
     <span class='ocr_line' id='line_1_32' title="bbox 310 2768 1212 2826; baseline 0.003 -18"><span class='ocrx_word' id='word_1_197' title='bbox 310 2774 341 2798; x_wconf 85' lang='lat'>¹⁵</span> <span class='ocrx_word' id='word_1_198' title='bbox 373 2768 487 2808; x_wconf 89' lang='lat' dir='ltr'>Conf.</span> <span class='ocrx_word' id='word_1_199' title='bbox 518 2771 607 2811; x_wconf 73' lang='lat' dir='ltr'><em>Lib.</em></span> <span class='ocrx_word' id='word_1_200' title='bbox 629 2771 668 2809; x_wconf 90' lang='lat' dir='ltr'>II</span> <span class='ocrx_word' id='word_1_201' title='bbox 703 2773 810 2810; x_wconf 65' lang='lat' dir='ltr'>Part,</span> <span class='ocrx_word' id='word_1_202' title='bbox 833 2773 862 2813; x_wconf 88' lang='lat' dir='ltr'>I.</span> <span class='ocrx_word' id='word_1_203' title='bbox 895 2783 970 2826; x_wconf 79' lang='lat' dir='ltr'>cap.</span> <span class='ocrx_word' id='word_1_204' title='bbox 992 2772 1043 2811; x_wconf 71' lang='lat' dir='ltr'>iv⁵</span> <span class='ocrx_word' id='word_1_205' title='bbox 1063 2776 1151 2824; x_wconf 57' lang='lat' dir='ltr'>fifh</span> <span class='ocrx_word' id='word_1_206' title='bbox 1170 2773 1212 2811; x_wconf 77' lang='lat' dir='ltr'>ii.</span> 
     </span>
     <span class='ocr_line' id='line_1_33' title="bbox 688 2839 1421 2901; baseline 0.001 -15"><span class='ocrx_word' id='word_1_207' title='bbox 688 2839 733 2886; x_wconf 91' lang='lat' dir='ltr'>N</span> <span class='ocrx_word' id='word_1_208' title='bbox 776 2855 803 2901; x_wconf 79' lang='lat'><em>3</em></span> <span class='ocrx_word' id='word_1_209' title='bbox 1306 2841 1421 2890; x_wconf 67' lang='lat' dir='ltr'>bilia</span> 
     </span>
    </p>
   </div>
  </div>
 </body>
</html>
