1871 3211
419 237 1112 289 cAUSSIS.
1311 260 1403 308 129

168 381 250 430 47.
300 367 556 417 Frictiones
612 368 753 417 etiam
802 371 859 418 ad
891 371 1070 429 Solem,
1126 373 1401 437 interpositis

100 438 235 499 oleis,
272 458 363 489 non
401 442 689 490 mediocrem
715 443 987 492 resolvendo
1021 459 1067 493 et
1091 446 1396 509 discutiendo,

102 529 243 577 quern
283 515 329 562 in
372 517 571 564 modum
597 517 830 578 scribitur,
871 519 1124 567 utilitatem
1162 523 1398 584 praestant.

102 589 332 636 Oleorum
398 590 643 655 siquidem,
709 592 982 640 amiciffima
1033 594 1113 639 lux
1176 595 1399 654 creditur,

100 680 438 734 proptereaque
465 669 702 725 unctuosa,
746 684 793 717 et
833 671 1095 735 sulphurea,
1139 671 1288 735 duplo
1320 675 1397 721 vel

101 741 238 804 triplo
278 745 429 806 magis
458 760 560 791 eam
603 744 869 807 refringere,
904 763 1045 810 quam
1082 746 1262 810 reliqua
1294 764 1399 795 cor-

98 830 211 877 pora
235 818 457 877 terrestria
482 831 529 864 et
543 817 770 864 macilenta
790 821 823 845 ¹⁹
858 819 1112 866 consimilis
1137 821 1399 870 densitatis.

98 889 258 953 Qare
283 892 339 938 ab
358 892 568 954 unguine
589 906 804 950 cutaneo‚
833 892 964 940 solari
988 894 1091 940 luce
1112 893 1396 957 interposita,

98 977 262 1011 verum
305 966 484 1022 oleum,
527 965 730 1028 plurima
776 967 903 1030 quafi
950 967 1206 1014 carbonosa
1248 982 1396 1031 parte,

97 1053 204 1100 quae
244 1039 523 1103 mephiticos
569 1039 913 1102 perspirationis
955 1041 1125 1088 halitus
1172 1041 1395 1104 sequitur,

95 1114 426 1173 commixtum,
476 1114 774 1176 Nigritarum
821 1129 928 1161 cute
975 1115 1194 1162 exsudare
1246 1116 1388 1162 multi

91 1181 313 1246 judicant
340 1189 395 1234 ²⁰.
464 1186 722 1233 Salutarem
764 1185 973 1234 similiter
1017 1187 1136 1234 Solis
1174 1188 1221 1233 in
1262 1188 1396 1234 inve-

99 1270 246 1306 terata
302 1261 474 1316 ulcera,
543 1260 720 1308 circum
769 1261 951 1322 glabra,
1013 1261 1263 1316 actionem,
1321 1278 1395 1307 re-

97 1332 246 1394 petita
285 1334 544 1382 multorum
582 1333 836 1379 tentamina
883 1333 1167 1380 monstrant:
1228 1333 1281 1380 iis
1308 1334 1397 1381 eti-

97 1421 175 1453 am
216 1407 387 1464 valide,
438 1407 681 1452 admotum
721 1405 965 1453 domestici
1023 1406 1146 1467 ignis
1185 1408 1389 1453 calorem

97 1478 373 1537 succurrere,
400 1479 712 1544 superioribus
729 1481 857 1527 annis
882 1479 1106 1543 scriptum
1131 1479 1210 1525 est.
1248 1480 1396 1529 Extat

96 1566 143 1599 et
167 1555 384 1617 quaedam
411 1555 654 1601 hominum
681 1554 912 1610 conditio,
960 1553 1136 1617 quibus
1162 1553 1283 1599 Solis
1309 1554 1394 1602 lux

97 1627 287 1689 proprio
312 1627 521 1690 quodam
545 1627 743 1672 Naturae
762 1627 924 1681 duem,
961 1625 1263 1671 vehementer
1286 1626 1394 1687 pla-

99 1706 217 1750 ceat,
255 1694 384 1757 quod
409 1710 570 1740 eorum
599 1693 686 1738 effe
711 1693 839 1748 solet,
881 1693 966 1756 qui
987 1691 1222 1755 frequenti
1250 1708 1396 1738 exan-

24 1792 27 1796 ¹
97 1768 303 1814 themate
345 1768 676 1815 maculantur:
736 1767 898 1830 hisque
940 1779 1189 1830 eapropter
1232 1767 1396 1814 Solem

58 1876 64 1880 -
99 1841 371 1906 adjumento
395 1843 482 1889 effe
508 1842 775 1905 putandum
800 1841 880 1897 est,
926 1842 1054 1904 quod
1074 1841 1191 1888 lucis
1211 1839 1394 1903 impetu

145 2029 177 2054 ¹9
206 2024 388 2064 Newton.
417 2027 504 2078 Opt.
532 2024 619 2063 Lib.
640 2024 694 2063 ΙΙ.
727 2026 840 2077 Prop.
861 2038 903 2063 x.

140 2086 176 2108 ²⁰
204 2087 352 2124 Lucem
363 2097 462 2122 certe
474 2084 520 2121 ad
539 2083 846 2135 salino-reginosa
864 2085 1083 2136 plantarum
1098 2083 1289 2135 principia
1307 2097 1397 2122 con-

89 2146 203 2191 ferre,
234 2145 300 2183 vix
318 2144 530 2183 dubitabile
550 2145 612 2192 est,
648 2155 689 2182 ut
708 2155 910 2199 propterea
928 2157 1014 2194 quae
1034 2144 1101 2181 sub
1122 2145 1217 2183 lucis
1238 2145 1403 2183 deffectu

89 2207 230 2257 plantae
246 2205 470 2250 educantur,
492 2203 642 2241 refinofi
663 2203 786 2241 minus
805 2202 845 2240 in
864 2203 900 2241 se
915 2203 1081 2240 habeant
1097 2219 1106 2240 :
1129 2214 1264 2241 contra
1282 2216 1400 2254 quam

89 2265 131 2304 in
149 2265 288 2316 plagis,
319 2278 414 2316 quas
435 2274 645 2314 perpetuus
665 2261 762 2300 Solis
780 2262 886 2300 aestus
908 2263 1029 2308 ardet,
1050 2261 1089 2299 in
1110 2262 1252 2314 quibus
1271 2259 1409 2300 resinae'

91 2337 129 2365 et
149 2325 420 2377 vegetabilium
440 2325 524 2362 olea
544 2321 854 2361 abundantissime
870 2322 1120 2372 proveniunt.
1175 2324 1238 2360 An
1253 2337 1329 2361 non
1344 2335 1400 2360 er·

36 2396 37 2399 ’
91 2401 142 2438 go
161 2386 343 2436 depluens
364 2385 514 2435 copiosa
533 2384 733 2422 arboribus
763 2383 957 2421 nonnullis
993 2384 1125 2431 resina,
1163 2398 1211 2422 ex
1239 2384 1401 2435 oxigino

92 2446 296 2499 principio,
348 2446 410 2483 seu
447 2444 724 2495 dephlogistico
761 2457 859 2490 aere,
908 2458 1025 2495 quem
1058 2444 1276 2496 splendente
1309 2446 1400 2483 Sole

93 2510 235 2560 plantae
256 2508 475 2546 emmittunt
494 2510 507 2545 ?
541 2506 651 2544 Illius
672 2517 775 2544 certe
809 2505 1022 2554 accessione,
1055 2509 1140 2546 olea
1158 2521 1254 2545 cerae
1280 2507 1401 2545 densi-

96 2580 229 2616 tatem,
260 2578 298 2605 et
325 2579 499 2619 naturam
519 2565 709 2603 induunt:
741 2564 850 2615 cujus
877 2566 1022 2616 generis
1049 2568 1172 2606 multa
1202 2566 1354 2619 egregie
1381 2580 1403 2604 a

95 2627 319 2670 Bertholeto
338 2626 503 2678 primum
524 2623 740 2676 excogitata
760 2624 980 2665 laudantur,

172 2688 298 2734 Vox..
326 2687 370 2735 11
737 2684 782 2730 K
1224 2710 1226 2713 -
1304 2716 1307 2718 -
1345 2682 1394 2728 in
