<?xml version="1.0" encoding="UTF-8"?>
<!DOCTYPE html PUBLIC "-//W3C//DTD XHTML 1.0 Transitional//EN"
    "http://www.w3.org/TR/xhtml1/DTD/xhtml1-transitional.dtd">
<html xmlns="http://www.w3.org/1999/xhtml" xml:lang="en" lang="en">
 <head>
  <title>
</title>
<meta http-equiv="Content-Type" content="text/html;charset=utf-8" />
  <meta name='ocr-system' content='tesseract 3.04.00' />
  <meta name='ocr-capabilities' content='ocr_page ocr_carea ocr_par ocr_line ocrx_word'/>
</head>
<body>
  <div class='ocr_page' id='page_1' title='image "./devitalibusperio02testuoft_0149.png"; bbox 0 0 1871 3211; ppageno 0'>
   <div class='ocr_carea' id='block_1_1' title="bbox 435 289 1423 356">
    <p class='ocr_par' dir='ltr' id='par_1_1' title="bbox 435 289 1423 356">
     <span class='ocr_line' id='line_1_1' title="bbox 435 289 1423 356; baseline -0.001 -18"><span class='ocrx_word' id='word_1_1' title='bbox 435 289 1130 338; x_wconf 83' lang='lat' dir='ltr'>CAUSSIS.</span> <span class='ocrx_word' id='word_1_2' title='bbox 1335 305 1423 356; x_wconf 82' lang='lat'>ยน35</span> 
     </span>
    </p>
   </div>
   <div class='ocr_carea' id='block_1_2' title="bbox 104 422 1450 1597">
    <p class='ocr_par' dir='ltr' id='par_1_2' title="bbox 104 422 1450 1597">
     <span class='ocr_line' id='line_1_2' title="bbox 141 422 1426 487; baseline -0.005 -12"><span class='ocrx_word' id='word_1_3' title='bbox 141 427 252 475; x_wconf 81' lang='lat' dir='ltr'>alias</span> <span class='ocrx_word' id='word_1_4' title='bbox 271 424 328 473; x_wconf 87' lang='lat' dir='ltr'>ad</span> <span class='ocrx_word' id='word_1_5' title='bbox 361 422 582 487; x_wconf 84' lang='lat' dir='ltr'>copulam</span> <span class='ocrx_word' id='word_1_6' title='bbox 611 422 886 486; x_wconf 82' lang='lat' dir='ltr'>impotente.</span> <span class='ocrx_word' id='word_1_7' title='bbox 959 422 1080 469; x_wconf 84' lang='lat' dir='ltr'>Eam</span> <span class='ocrx_word' id='word_1_8' title='bbox 1106 433 1353 484; x_wconf 78' lang='lat' dir='ltr'>propterea</span> <span class='ocrx_word' id='word_1_9' title='bbox 1381 423 1426 469; x_wconf 86' lang='lat' dir='ltr'>in</span> 
     </span>
     <span class='ocr_line' id='line_1_3' title="bbox 138 495 1430 560; baseline -0.005 -11"><span class='ocrx_word' id='word_1_10' title='bbox 138 501 344 549; x_wconf 79' lang='lat' dir='ltr'>foeminis</span> <span class='ocrx_word' id='word_1_11' title='bbox 368 499 486 546; x_wconf 89' lang='lat' dir='ltr'>uteri</span> <span class='ocrx_word' id='word_1_12' title='bbox 511 498 725 545; x_wconf 84' lang='lat' dir='ltr'>vasorum</span> <span class='ocrx_word' id='word_1_13' title='bbox 750 498 936 543; x_wconf 63' lang='lat' dir='ltr'>laxitate</span> <span class='ocrx_word' id='word_1_14' title='bbox 961 495 1185 560; x_wconf 64' lang='lat' dir='ltr'>praeditiS,</span> <span class='ocrx_word' id='word_1_15' title='bbox 1222 496 1296 540; x_wconf 81' lang='lat' dir='ltr'>vel</span> <span class='ocrx_word' id='word_1_16' title='bbox 1326 511 1430 542; x_wconf 83' lang='lat' dir='ltr'>ute-</span> 
     </span>
     <span class='ocr_line' id='line_1_4' title="bbox 138 572 1432 640; baseline -0.006 -16"><span class='ocrx_word' id='word_1_17' title='bbox 138 593 190 633; x_wconf 75' lang='lat' dir='ltr'>ro</span> <span class='ocrx_word' id='word_1_18' title='bbox 219 573 494 640; x_wconf 81' lang='lat' dir='ltr'>gerentibus</span> <span class='ocrx_word' id='word_1_19' title='bbox 514 575 632 638; x_wconf 84' lang='lat' dir='ltr'>saepe</span> <span class='ocrx_word' id='word_1_20' title='bbox 658 575 784 622; x_wconf 77' lang='lat' dir='ltr'>maio</span> <span class='ocrx_word' id='word_1_21' title='bbox 827 573 979 632; x_wconf 80' lang='lat' dir='ltr'>fuiffe,</span> <span class='ocrx_word' id='word_1_22' title='bbox 1014 572 1200 636; x_wconf 81' lang='lat' dir='ltr'>jamdiu</span> <span class='ocrx_word' id='word_1_23' title='bbox 1238 588 1432 617; x_wconf 87' lang='lat' dir='ltr'>monue-</span> 
     </span>
     <span class='ocr_line' id='line_1_5' title="bbox 138 644 1436 711; baseline -0.004 -14"><span class='ocrx_word' id='word_1_24' title='bbox 138 664 246 697; x_wconf 89' lang='lat' dir='ltr'>runt</span> <span class='ocrx_word' id='word_1_25' title='bbox 271 649 506 707; x_wconf 72' lang='lat' dir='ltr'>Haemus,</span> <span class='ocrx_word' id='word_1_26' title='bbox 544 662 591 695; x_wconf 88' lang='lat' dir='ltr'>et</span> <span class='ocrx_word' id='word_1_27' title='bbox 614 649 930 709; x_wconf 80' lang='lat' dir='ltr'>Jallabertus:</span> <span class='ocrx_word' id='word_1_28' title='bbox 969 648 1139 711; x_wconf 85' lang='lat' dir='ltr'>quibus</span> <span class='ocrx_word' id='word_1_29' title='bbox 1182 644 1436 692; x_wconf 77' lang='lat' dir='ltr'>consimilia</span> 
     </span>
     <span class='ocr_line' id='line_1_6' title="bbox 137 721 1436 786; baseline -0.004 -17"><span class='ocrx_word' id='word_1_30' title='bbox 137 723 300 770; x_wconf 85' lang='lat' dir='ltr'>damni</span> <span class='ocrx_word' id='word_1_31' title='bbox 322 723 538 786; x_wconf 77' lang='lat' dir='ltr'>exempla</span> <span class='ocrx_word' id='word_1_32' title='bbox 558 723 616 767; x_wconf 83' lang='lat' dir='ltr'>ab</span> <span class='ocrx_word' id='word_1_33' title='bbox 637 721 733 785; x_wconf 86' lang='lat' dir='ltr'>ejus</span> <span class='ocrx_word' id='word_1_34' title='bbox 760 721 839 768; x_wconf 86' lang='lat' dir='ltr'>usu</span> <span class='ocrx_word' id='word_1_35' title='bbox 861 721 907 766; x_wconf 92' lang='lat' dir='ltr'>in</span> <span class='ocrx_word' id='word_1_36' title='bbox 934 721 1148 767; x_wconf 73' lang='lat' dir='ltr'>Phtifxcis</span> <span class='ocrx_word' id='word_1_37' title='bbox 1170 736 1436 765; x_wconf 78' lang='lat' dir='ltr'>memoran-</span> 
     </span>
     <span class='ocr_line' id='line_1_7' title="bbox 139 795 1437 859; baseline -0.002 -17"><span class='ocrx_word' id='word_1_38' title='bbox 139 809 230 844; x_wconf 88' lang='lat' dir='ltr'>tur.</span> <span class='ocrx_word' id='word_1_39' title='bbox 303 798 502 845; x_wconf 80' lang='lat' dir='ltr'>Nollem</span> <span class='ocrx_word' id='word_1_40' title='bbox 538 797 679 842; x_wconf 82' lang='lat' dir='ltr'>etiam</span> <span class='ocrx_word' id='word_1_41' title='bbox 719 813 798 844; x_wconf 87' lang='lat' dir='ltr'>eos</span> <span class='ocrx_word' id='word_1_42' title='bbox 838 796 954 859; x_wconf 78' lang='lat' dir='ltr'>saepe</span> <span class='ocrx_word' id='word_1_43' title='bbox 978 795 1277 842; x_wconf 65' lang='lat' dir='ltr'>ele&amp;ricitate</span> <span class='ocrx_word' id='word_1_44' title='bbox 1304 809 1437 840; x_wconf 87' lang='lat' dir='ltr'>com-</span> 
     </span>
     <span class='ocr_line' id='line_1_8' title="bbox 104 869 1441 936; baseline -0.002 -18"><span class='ocrx_word' id='word_1_45' title='bbox 104 907 110 935; x_wconf 52' lang='lat'>4</span> <span class='ocrx_word' id='word_1_46' title='bbox 141 874 341 930; x_wconf 87' lang='lat' dir='ltr'>moveri,</span> <span class='ocrx_word' id='word_1_47' title='bbox 393 889 510 936; x_wconf 85' lang='lat' dir='ltr'>quos</span> <span class='ocrx_word' id='word_1_48' title='bbox 552 872 718 918; x_wconf 81' lang='lat' dir='ltr'>natalis</span> <span class='ocrx_word' id='word_1_49' title='bbox 766 873 984 934; x_wconf 84' lang='lat' dir='ltr'>quaedam</span> <span class='ocrx_word' id='word_1_50' title='bbox 1023 872 1080 918; x_wconf 87' lang='lat' dir='ltr'>ad</span> <span class='ocrx_word' id='word_1_51' title='bbox 1120 869 1441 933; x_wconf 82' lang='lat' dir='ltr'>Apoplexiam</span> 
     </span>
     <span class='ocr_line' id='line_1_9' title="bbox 139 941 1443 1008; baseline -0.002 -17"><span class='ocrx_word' id='word_1_52' title='bbox 139 944 379 1008; x_wconf 88' lang='lat' dir='ltr'>dispofitio</span> <span class='ocrx_word' id='word_1_53' title='bbox 403 957 556 991; x_wconf 84' lang='lat' dir='ltr'>vexat.</span> <span class='ocrx_word' id='word_1_54' title='bbox 629 945 842 992; x_wconf 72' lang='lat' dir='ltr'>Tametsi</span> <span class='ocrx_word' id='word_1_55' title='bbox 885 960 1022 1008; x_wconf 88' lang='lat' dir='ltr'>porro</span> <span class='ocrx_word' id='word_1_56' title='bbox 1063 941 1348 998; x_wconf 84' lang='lat' dir='ltr'>inveteratis,</span> <span class='ocrx_word' id='word_1_57' title='bbox 1396 955 1443 989; x_wconf 86' lang='lat' dir='ltr'>et</span> 
     </span>
     <span class='ocr_line' id='line_1_10' title="bbox 146 1018 1443 1082; baseline -0.002 -16"><span class='ocrx_word' id='word_1_58' title='bbox 146 1019 380 1067; x_wconf 80' lang='lat' dir='ltr'>chronicis</span> <span class='ocrx_word' id='word_1_59' title='bbox 418 1036 666 1066; x_wconf 78' lang='lat' dir='ltr'>nervorum</span> <span class='ocrx_word' id='word_1_60' title='bbox 701 1020 894 1075; x_wconf 85' lang='lat' dir='ltr'>morbis,</span> <span class='ocrx_word' id='word_1_61' title='bbox 938 1019 1080 1082; x_wconf 83' lang='lat' dir='ltr'>iisque</span> <span class='ocrx_word' id='word_1_62' title='bbox 1107 1019 1188 1081; x_wconf 82' lang='lat' dir='ltr'>qui</span> <span class='ocrx_word' id='word_1_63' title='bbox 1217 1018 1274 1064; x_wconf 87' lang='lat' dir='ltr'>ab</span> <span class='ocrx_word' id='word_1_64' title='bbox 1299 1018 1443 1064; x_wconf 88' lang='lat' dir='ltr'>inter-</span> 
     </span>
     <span class='ocr_line' id='line_1_11' title="bbox 143 1090 1442 1157; baseline -0.002 -18"><span class='ocrx_word' id='word_1_65' title='bbox 143 1106 279 1156; x_wconf 86' lang='lat' dir='ltr'>cepta</span> <span class='ocrx_word' id='word_1_66' title='bbox 316 1110 479 1140; x_wconf 83' lang='lat' dir='ltr'>eorum</span> <span class='ocrx_word' id='word_1_67' title='bbox 520 1094 700 1140; x_wconf 62' lang='lat' dir='ltr'>actione</span> <span class='ocrx_word' id='word_1_68' title='bbox 737 1094 955 1157; x_wconf 73' lang='lat' dir='ltr'>pendent,</span> <span class='ocrx_word' id='word_1_69' title='bbox 991 1093 1169 1139; x_wconf 65' lang='lat' dir='ltr'>dictum</span> <span class='ocrx_word' id='word_1_70' title='bbox 1213 1091 1330 1153; x_wconf 76' lang='lat' dir='ltr'>saepe</span> <span class='ocrx_word' id='word_1_71' title='bbox 1366 1090 1442 1136; x_wconf 89' lang='lat' dir='ltr'>fu-</span> 
     </span>
     <span class='ocr_line' id='line_1_12' title="bbox 144 1167 1445 1231; baseline -0.002 -18"><span class='ocrx_word' id='word_1_72' title='bbox 144 1168 248 1224; x_wconf 87' lang='lat' dir='ltr'>erit,</span> <span class='ocrx_word' id='word_1_73' title='bbox 290 1167 659 1215; x_wconf 70' lang='lat' dir='ltr'>Eleftricitatem</span> <span class='ocrx_word' id='word_1_74' title='bbox 703 1169 887 1231; x_wconf 75' lang='lat' dir='ltr'>egregie</span> <span class='ocrx_word' id='word_1_75' title='bbox 924 1168 981 1214; x_wconf 85' lang='lat' dir='ltr'>ad</span> <span class='ocrx_word' id='word_1_76' title='bbox 1017 1167 1302 1213; x_wconf 76' lang='lat' dir='ltr'>sanationem</span> <span class='ocrx_word' id='word_1_77' title='bbox 1329 1182 1445 1228; x_wconf 80' lang='lat' dir='ltr'>prae-</span> 
     </span>
     <span class='ocr_line' id='line_1_13' title="bbox 144 1240 1446 1305; baseline -0.002 -17"><span class='ocrx_word' id='word_1_78' title='bbox 144 1241 315 1298; x_wconf 71' lang='lat' dir='ltr'>stitisse,</span> <span class='ocrx_word' id='word_1_79' title='bbox 366 1259 528 1288; x_wconf 88' lang='lat' dir='ltr'>vereor</span> <span class='ocrx_word' id='word_1_80' title='bbox 573 1243 930 1305; x_wconf 83' lang='lat' dir='ltr'>prudentiorum</span> <span class='ocrx_word' id='word_1_81' title='bbox 970 1241 1172 1305; x_wconf 85' lang='lat' dir='ltr'>judiciO,</span> <span class='ocrx_word' id='word_1_82' title='bbox 1228 1258 1282 1286; x_wconf 89' lang='lat' dir='ltr'>ne</span> <span class='ocrx_word' id='word_1_83' title='bbox 1330 1240 1446 1303; x_wconf 90' lang='lat' dir='ltr'>quid</span> 
     </span>
     <span class='ocr_line' id='line_1_14' title="bbox 146 1314 1445 1378; baseline -0.002 -17"><span class='ocrx_word' id='word_1_84' title='bbox 146 1315 338 1362; x_wconf 84' lang='lat' dir='ltr'>uberior</span> <span class='ocrx_word' id='word_1_85' title='bbox 361 1332 504 1378; x_wconf 84' lang='lat' dir='ltr'>quarn</span> <span class='ocrx_word' id='word_1_86' title='bbox 531 1333 612 1377; x_wconf 85' lang='lat' dir='ltr'>par</span> <span class='ocrx_word' id='word_1_87' title='bbox 647 1315 813 1371; x_wconf 71' lang='lat' dir='ltr'>fuisset,</span> <span class='ocrx_word' id='word_1_88' title='bbox 859 1317 1065 1362; x_wconf 83' lang='lat' dir='ltr'>remedio</span> <span class='ocrx_word' id='word_1_89' title='bbox 1106 1314 1278 1361; x_wconf 80' lang='lat' dir='ltr'>fiducia</span> <span class='ocrx_word' id='word_1_90' title='bbox 1311 1314 1445 1360; x_wconf 81' lang='lat' dir='ltr'>adhi-</span> 
     </span>
     <span class='ocr_line' id='line_1_15' title="bbox 150 1389 1448 1452; baseline -0.002 -16"><span class='ocrx_word' id='word_1_91' title='bbox 150 1389 249 1436; x_wconf 81' lang='lat' dir='ltr'>bita</span> <span class='ocrx_word' id='word_1_92' title='bbox 294 1389 454 1435; x_wconf 85' lang='lat' dir='ltr'>multis</span> <span class='ocrx_word' id='word_1_93' title='bbox 499 1389 584 1435; x_wconf 84' lang='lat' dir='ltr'>sit:</span> <span class='ocrx_word' id='word_1_94' title='bbox 623 1389 699 1436; x_wconf 78' lang='lat' dir='ltr'>sed</span> <span class='ocrx_word' id='word_1_95' title='bbox 743 1389 840 1452; x_wconf 81' lang='lat' dir='ltr'>ejus</span> <span class='ocrx_word' id='word_1_96' title='bbox 879 1390 1059 1452; x_wconf 83' lang='lat' dir='ltr'>generis</span> <span class='ocrx_word' id='word_1_97' title='bbox 1102 1389 1293 1434; x_wconf 83' lang='lat' dir='ltr'>morbos</span> <span class='ocrx_word' id='word_1_98' title='bbox 1326 1402 1448 1435; x_wconf 87' lang='lat' dir='ltr'>tam-</span> 
     </span>
     <span class='ocr_line' id='line_1_16' title="bbox 148 1461 1449 1523; baseline -0.002 -15"><span class='ocrx_word' id='word_1_99' title='bbox 148 1461 229 1508; x_wconf 77' lang='lat' dir='ltr'>etsi</span> <span class='ocrx_word' id='word_1_100' title='bbox 273 1477 366 1507; x_wconf 91' lang='lat' dir='ltr'>non</span> <span class='ocrx_word' id='word_1_101' title='bbox 399 1461 542 1518; x_wconf 81' lang='lat' dir='ltr'>sanet,</span> <span class='ocrx_word' id='word_1_102' title='bbox 588 1462 942 1508; x_wconf 74' lang='lat' dir='ltr'>tollerabiliores</span> <span class='ocrx_word' id='word_1_103' title='bbox 981 1475 1140 1508; x_wconf 81' lang='lat' dir='ltr'>tamen</span> <span class='ocrx_word' id='word_1_104' title='bbox 1177 1461 1235 1506; x_wconf 89' lang='lat' dir='ltr'>ad</span> <span class='ocrx_word' id='word_1_105' title='bbox 1261 1475 1449 1523; x_wconf 86' lang='lat' dir='ltr'>tempus</span> 
     </span>
     <span class='ocr_line' id='line_1_17' title="bbox 148 1533 1450 1597; baseline -0.001 -15"><span class='ocrx_word' id='word_1_106' title='bbox 148 1534 318 1582; x_wconf 83' lang='lat' dir='ltr'>reddit.</span> <span class='ocrx_word' id='word_1_107' title='bbox 389 1536 443 1582; x_wconf 92' lang='lat' dir='ltr'>In</span> <span class='ocrx_word' id='word_1_108' title='bbox 470 1535 560 1581; x_wconf 88' lang='lat' dir='ltr'>hoc</span> <span class='ocrx_word' id='word_1_109' title='bbox 586 1534 687 1581; x_wconf 84' lang='lat' dir='ltr'>sane</span> <span class='ocrx_word' id='word_1_110' title='bbox 714 1536 884 1582; x_wconf 86' lang='lat' dir='ltr'>Solaris</span> <span class='ocrx_word' id='word_1_111' title='bbox 909 1537 1006 1592; x_wconf 84' lang='lat' dir='ltr'>lux,</span> <span class='ocrx_word' id='word_1_112' title='bbox 1051 1533 1365 1597; x_wconf 85' lang='lat' dir='ltr'>Phosphorus,</span> <span class='ocrx_word' id='word_1_113' title='bbox 1402 1546 1450 1585; x_wconf 87' lang='lat' dir='ltr'>et</span> 
     </span>
    </p>
   </div>
   <div class='ocr_carea' id='block_1_3' title="bbox 148 1605 1451 1733">
    <p class='ocr_par' dir='ltr' id='par_1_3' title="bbox 148 1605 1451 1733">
     <span class='ocr_line' id='line_1_18' title="bbox 149 1605 1449 1669; baseline -0.002 -15"><span class='ocrx_word' id='word_1_114' title='bbox 149 1606 445 1654; x_wconf 53' lang='lat' dir='ltr'>Electricitas</span> <span class='ocrx_word' id='word_1_115' title='bbox 488 1607 606 1654; x_wconf 86' lang='lat' dir='ltr'>inter</span> <span class='ocrx_word' id='word_1_116' title='bbox 644 1607 686 1655; x_wconf 91' lang='lat' dir='ltr'>se</span> <span class='ocrx_word' id='word_1_117' title='bbox 713 1609 1023 1665; x_wconf 87' lang='lat' dir='ltr'>consentiunt,</span> <span class='ocrx_word' id='word_1_118' title='bbox 1074 1608 1205 1669; x_wconf 80' lang='lat' dir='ltr'>quod</span> <span class='ocrx_word' id='word_1_119' title='bbox 1239 1606 1331 1652; x_wconf 87' lang='lat' dir='ltr'>late</span> <span class='ocrx_word' id='word_1_120' title='bbox 1355 1605 1449 1652; x_wconf 86' lang='lat' dir='ltr'>dif-</span> 
     </span>
     <span class='ocr_line' id='line_1_19' title="bbox 148 1672 1451 1733; baseline -0.001 -14"><span class='ocrx_word' id='word_1_121' title='bbox 148 1672 385 1721; x_wconf 77' lang='lat' dir='ltr'>fusibilem</span> <span class='ocrx_word' id='word_1_122' title='bbox 418 1673 661 1721; x_wconf 84' lang='lat' dir='ltr'>stimulum</span> <span class='ocrx_word' id='word_1_123' title='bbox 702 1692 968 1733; x_wconf 84' lang='lat' dir='ltr'>nervorum,</span> <span class='ocrx_word' id='word_1_124' title='bbox 1017 1688 1062 1721; x_wconf 88' lang='lat' dir='ltr'>et</span> <span class='ocrx_word' id='word_1_125' title='bbox 1086 1675 1208 1721; x_wconf 80' lang='lat' dir='ltr'>Vitae</span> <span class='ocrx_word' id='word_1_126' title='bbox 1233 1674 1451 1719; x_wconf 85' lang='lat' dir='ltr'>amiciffi-</span> 
     </span>
    </p>
   </div>
   <div class='ocr_carea' id='block_1_4' title="bbox 145 1745 1450 1885">
    <p class='ocr_par' dir='ltr' id='par_1_4' title="bbox 145 1745 1450 1885">
     <span class='ocr_line' id='line_1_20' title="bbox 145 1745 1448 1809; baseline -0.003 -14"><span class='ocrx_word' id='word_1_127' title='bbox 145 1763 280 1795; x_wconf 85' lang='lat' dir='ltr'>mum</span> <span class='ocrx_word' id='word_1_128' title='bbox 303 1747 520 1794; x_wconf 82' lang='lat' dir='ltr'>universo</span> <span class='ocrx_word' id='word_1_129' title='bbox 540 1746 739 1796; x_wconf 84' lang='lat' dir='ltr'>inferant</span> <span class='ocrx_word' id='word_1_130' title='bbox 764 1748 999 1807; x_wconf 76' lang='lat' dir='ltr'>fimorum,</span> <span class='ocrx_word' id='word_1_131' title='bbox 1041 1760 1089 1794; x_wconf 90' lang='lat' dir='ltr'>et</span> <span class='ocrx_word' id='word_1_132' title='bbox 1116 1745 1448 1809; x_wconf 78' lang='lat' dir='ltr'>aegrotantium</span> 
     </span>
     <span class='ocr_line' id='line_1_21' title="bbox 150 1820 1450 1885; baseline -0.002 -16"><span class='ocrx_word' id='word_1_133' title='bbox 150 1822 349 1885; x_wconf 88' lang='lat' dir='ltr'>corpori,</span> <span class='ocrx_word' id='word_1_134' title='bbox 377 1822 501 1867; x_wconf 85' lang='lat' dir='ltr'>unde</span> <span class='ocrx_word' id='word_1_135' title='bbox 521 1822 678 1869; x_wconf 84' lang='lat' dir='ltr'>vitalis</span> <span class='ocrx_word' id='word_1_136' title='bbox 699 1823 967 1871; x_wconf 82' lang='lat' dir='ltr'>Solidorum</span> <span class='ocrx_word' id='word_1_137' title='bbox 989 1823 1128 1878; x_wconf 56' lang='lat' dir='ltr'>aetio,</span> <span class='ocrx_word' id='word_1_138' title='bbox 1149 1820 1450 1884; x_wconf 86' lang='lat' dir='ltr'>superaddito</span> 
     </span>
    </p>
   </div>
   <div class='ocr_carea' id='block_1_5' title="bbox 151 1893 1449 2031">
    <p class='ocr_par' dir='ltr' id='par_1_5' title="bbox 151 1893 1449 2031">
     <span class='ocr_line' id='line_1_22' title="bbox 156 1893 1449 1960; baseline 0.001 -20"><span class='ocrx_word' id='word_1_139' title='bbox 156 1895 285 1960; x_wconf 79' lang='lat' dir='ltr'>quasi</span> <span class='ocrx_word' id='word_1_140' title='bbox 312 1911 438 1940; x_wconf 91' lang='lat' dir='ltr'>novo</span> <span class='ocrx_word' id='word_1_141' title='bbox 465 1908 619 1942; x_wconf 86' lang='lat' dir='ltr'>motus</span> <span class='ocrx_word' id='word_1_142' title='bbox 656 1897 909 1954; x_wconf 85' lang='lat' dir='ltr'>elemento,</span> <span class='ocrx_word' id='word_1_143' title='bbox 944 1898 1022 1944; x_wconf 86' lang='lat' dir='ltr'>sua</span> <span class='ocrx_word' id='word_1_144' title='bbox 1054 1896 1273 1959; x_wconf 82' lang='lat' dir='ltr'>expedite</span> <span class='ocrx_word' id='word_1_145' title='bbox 1299 1893 1449 1956; x_wconf 82' lang='lat' dir='ltr'>magis</span> 
     </span>
     <span class='ocr_line' id='line_1_23' title="bbox 151 1962 649 2031; baseline -0.006 -14"><span class='ocrx_word' id='word_1_146' title='bbox 151 1962 349 2017; x_wconf 79' lang='lat' dir='ltr'>munera</span> <span class='ocrx_word' id='word_1_147' title='bbox 374 1981 649 2031; x_wconf 83' lang='lat' dir='ltr'>exequatur.</span> 
     </span>
    </p>
   </div>
   <div class='ocr_carea' id='block_1_6' title="bbox 109 2111 1450 2238">
    <p class='ocr_par' dir='ltr' id='par_1_6' title="bbox 109 2111 1450 2238">
     <span class='ocr_line' id='line_1_24' title="bbox 226 2111 1450 2179; baseline -0.002 -17"><span class='ocrx_word' id='word_1_148' title='bbox 226 2115 304 2179; x_wconf 87' lang='lat'>56.</span> <span class='ocrx_word' id='word_1_149' title='bbox 344 2115 421 2161; x_wconf 89' lang='lat' dir='ltr'>An</span> <span class='ocrx_word' id='word_1_150' title='bbox 446 2130 537 2160; x_wconf 91' lang='lat' dir='ltr'>non</span> <span class='ocrx_word' id='word_1_151' title='bbox 566 2113 707 2177; x_wconf 83' lang='lat' dir='ltr'>igitur</span> <span class='ocrx_word' id='word_1_152' title='bbox 730 2115 925 2172; x_wconf 86' lang='lat' dir='ltr'>idcirco,</span> <span class='ocrx_word' id='word_1_153' title='bbox 951 2114 1044 2161; x_wconf 85' lang='lat' dir='ltr'>fere</span> <span class='ocrx_word' id='word_1_154' title='bbox 1064 2114 1146 2161; x_wconf 88' lang='lat' dir='ltr'>sub</span> <span class='ocrx_word' id='word_1_155' title='bbox 1166 2111 1450 2160; x_wconf 87' lang='lat' dir='ltr'>omnimodo</span> 
     </span>
     <span class='ocr_line' id='line_1_25' title="bbox 109 2181 1448 2238; baseline -0.002 -10"><span class='ocrx_word' id='word_1_156' title='bbox 109 2218 111 2220; x_wconf 85' lang='lat'>-</span> <span class='ocrx_word' id='word_1_157' title='bbox 157 2181 325 2238; x_wconf 87' lang='lat' dir='ltr'>Lucis,</span> <span class='ocrx_word' id='word_1_158' title='bbox 362 2195 408 2227; x_wconf 85' lang='lat' dir='ltr'>et</span> <span class='ocrx_word' id='word_1_159' title='bbox 433 2181 764 2229; x_wconf 83' lang='lat' dir='ltr'>Electricitatis</span> <span class='ocrx_word' id='word_1_160' title='bbox 804 2182 850 2228; x_wconf 90' lang='lat' dir='ltr'>in</span> <span class='ocrx_word' id='word_1_161' title='bbox 897 2199 997 2229; x_wconf 83' lang='lat' dir='ltr'>aere</span> <span class='ocrx_word' id='word_1_162' title='bbox 1036 2181 1262 2238; x_wconf 75' lang='lat' dir='ltr'>deffectU,</span> <span class='ocrx_word' id='word_1_163' title='bbox 1302 2192 1448 2226; x_wconf 88' lang='lat' dir='ltr'>noctu</span> 
     </span>
    </p>
   </div>
   <div class='ocr_carea' id='block_1_7' title="bbox 157 2256 1451 2837">
    <p class='ocr_par' dir='ltr' id='par_1_7' title="bbox 157 2256 1451 2765">
     <span class='ocr_line' id='line_1_26' title="bbox 157 2256 1451 2325; baseline -0.003 -21"><span class='ocrx_word' id='word_1_164' title='bbox 157 2256 431 2325; x_wconf 71' lang='lat' dir='ltr'>praesertim,</span> <span class='ocrx_word' id='word_1_165' title='bbox 475 2257 660 2319; x_wconf 87' lang='lat' dir='ltr'>pluvio,</span> <span class='ocrx_word' id='word_1_166' title='bbox 709 2270 756 2304; x_wconf 88' lang='lat' dir='ltr'>et</span> <span class='ocrx_word' id='word_1_167' title='bbox 795 2258 1008 2304; x_wconf 83' lang='lat' dir='ltr'>nubiioso</span> <span class='ocrx_word' id='word_1_168' title='bbox 1032 2257 1239 2320; x_wconf 86' lang='lat' dir='ltr'>undique</span> <span class='ocrx_word' id='word_1_169' title='bbox 1264 2268 1451 2302; x_wconf 82' lang='lat' dir='ltr'>extante</span> 
     </span>
     <span class='ocr_line' id='line_1_27' title="bbox 158 2330 1450 2395; baseline -0.002 -16"><span class='ocrx_word' id='word_1_170' title='bbox 158 2337 302 2385; x_wconf 87' lang='lat' dir='ltr'>coelo,</span> <span class='ocrx_word' id='word_1_171' title='bbox 346 2330 530 2392; x_wconf 88' lang='lat' dir='ltr'>propria</span> <span class='ocrx_word' id='word_1_172' title='bbox 566 2331 713 2377; x_wconf 88' lang='lat' dir='ltr'>veluti</span> <span class='ocrx_word' id='word_1_173' title='bbox 747 2334 968 2395; x_wconf 84' lang='lat' dir='ltr'>quaedam</span> <span class='ocrx_word' id='word_1_174' title='bbox 1007 2332 1168 2379; x_wconf 85' lang='lat' dir='ltr'>mortis</span> <span class='ocrx_word' id='word_1_175' title='bbox 1207 2331 1450 2379; x_wconf 83' lang='lat' dir='ltr'>intervalla</span> 
     </span>
     <span class='ocr_line' id='line_1_28' title="bbox 159 2401 1448 2467; baseline -0.003 -16"><span class='ocrx_word' id='word_1_176' title='bbox 159 2405 415 2457; x_wconf 86' lang='lat' dir='ltr'>incurrunt,</span> <span class='ocrx_word' id='word_1_177' title='bbox 453 2419 558 2465; x_wconf 84' lang='lat' dir='ltr'>quae</span> <span class='ocrx_word' id='word_1_178' title='bbox 601 2403 964 2467; x_wconf 86' lang='lat' dir='ltr'>frequentiffima</span> <span class='ocrx_word' id='word_1_179' title='bbox 998 2404 1322 2467; x_wconf 78' lang='lat' dir='ltr'>aegrotantium</span> <span class='ocrx_word' id='word_1_180' title='bbox 1364 2401 1448 2448; x_wconf 92' lang='lat' dir='ltr'>sub</span> 
     </span>
     <span class='ocr_line' id='line_1_29' title="bbox 159 2475 1450 2541; baseline -0.002 -18"><span class='ocrx_word' id='word_1_181' title='bbox 159 2477 231 2523; x_wconf 85' lang='lat' dir='ltr'>his</span> <span class='ocrx_word' id='word_1_182' title='bbox 256 2475 375 2522; x_wconf 86' lang='lat' dir='ltr'>horis</span> <span class='ocrx_word' id='word_1_183' title='bbox 400 2475 533 2521; x_wconf 84' lang='lat' dir='ltr'>clade</span> <span class='ocrx_word' id='word_1_184' title='bbox 559 2477 862 2524; x_wconf 82' lang='lat' dir='ltr'>nuntiantur:</span> <span class='ocrx_word' id='word_1_185' title='bbox 890 2478 1020 2541; x_wconf 82' lang='lat' dir='ltr'>quod</span> <span class='ocrx_word' id='word_1_186' title='bbox 1041 2494 1202 2540; x_wconf 84' lang='lat' dir='ltr'>genus,</span> <span class='ocrx_word' id='word_1_187' title='bbox 1234 2475 1450 2540; x_wconf 83' lang='lat' dir='ltr'>exempla</span> 
     </span>
     <span class='ocr_line' id='line_1_30' title="bbox 159 2548 1444 2614; baseline -0.002 -17"><span class='ocrx_word' id='word_1_188' title='bbox 159 2551 208 2597; x_wconf 87' lang='lat' dir='ltr'>in</span> <span class='ocrx_word' id='word_1_189' title='bbox 232 2548 552 2606; x_wconf 85' lang='lat' dir='ltr'>Nosocomiis,</span> <span class='ocrx_word' id='word_1_190' title='bbox 596 2551 641 2596; x_wconf 90' lang='lat' dir='ltr'>in</span> <span class='ocrx_word' id='word_1_191' title='bbox 669 2567 777 2613; x_wconf 84' lang='lat' dir='ltr'>quae</span> <span class='ocrx_word' id='word_1_192' title='bbox 801 2553 949 2598; x_wconf 82' lang='lat' dir='ltr'>multa</span> <span class='ocrx_word' id='word_1_193' title='bbox 975 2552 1192 2598; x_wconf 82' lang='lat' dir='ltr'>convenit</span> <span class='ocrx_word' id='word_1_194' title='bbox 1211 2564 1444 2614; x_wconf 84' lang='lat' dir='ltr'>aegrotan-</span> 
     </span>
     <span class='ocr_line' id='line_1_31' title="bbox 162 2622 1450 2686; baseline -0.001 -17"><span class='ocrx_word' id='word_1_195' title='bbox 162 2623 282 2669; x_wconf 85' lang='lat' dir='ltr'>tium</span> <span class='ocrx_word' id='word_1_196' title='bbox 299 2622 481 2678; x_wconf 87' lang='lat' dir='ltr'>cohors,</span> <span class='ocrx_word' id='word_1_197' title='bbox 506 2622 759 2686; x_wconf 84' lang='lat' dir='ltr'>aliquando</span> <span class='ocrx_word' id='word_1_198' title='bbox 778 2624 1036 2671; x_wconf 80' lang='lat' dir='ltr'>sumsimus.</span> <span class='ocrx_word' id='word_1_199' title='bbox 1078 2626 1259 2672; x_wconf 88' lang='lat' dir='ltr'>Eadem</span> <span class='ocrx_word' id='word_1_200' title='bbox 1280 2637 1450 2685; x_wconf 87' lang='lat' dir='ltr'>nempe</span> 
     </span>
     <span class='ocr_line' id='line_1_32' title="bbox 161 2698 1446 2765; baseline 0 -17"><span class='ocrx_word' id='word_1_201' title='bbox 161 2712 386 2763; x_wconf 77' lang='lat' dir='ltr'>vergente</span> <span class='ocrx_word' id='word_1_202' title='bbox 431 2712 589 2758; x_wconf 81' lang='lat' dir='ltr'>nocte,</span> <span class='ocrx_word' id='word_1_203' title='bbox 629 2700 887 2765; x_wconf 84' lang='lat' dir='ltr'>iisdemque</span> <span class='ocrx_word' id='word_1_204' title='bbox 906 2701 998 2750; x_wconf 89' lang='lat' dir='ltr'>fere</span> <span class='ocrx_word' id='word_1_205' title='bbox 1037 2701 1118 2750; x_wconf 89' lang='lat' dir='ltr'>sub</span> <span class='ocrx_word' id='word_1_206' title='bbox 1159 2701 1300 2757; x_wconf 89' lang='lat' dir='ltr'>horis,</span> <span class='ocrx_word' id='word_1_207' title='bbox 1337 2698 1446 2759; x_wconf 81' lang='lat' dir='ltr'>plus</span> 
     </span>
    </p>

    <p class='ocr_par' dir='ltr' id='par_1_8' title="bbox 250 2771 1450 2837">
     <span class='ocr_line' id='line_1_33' title="bbox 250 2771 1450 2837; baseline 0 -15"><span class='ocrx_word' id='word_1_208' title='bbox 250 2771 262 2775; x_wconf 21' lang='lat' dir='ltr'>i</span> <span class='ocrx_word' id='word_1_209' title='bbox 726 2777 771 2822; x_wconf 88' lang='lat' dir='ltr'>K</span> <span class='ocrx_word' id='word_1_210' title='bbox 805 2794 839 2836; x_wconf 88' lang='lat'><em>4</em></span> <span class='ocrx_word' id='word_1_211' title='bbox 1305 2790 1450 2837; x_wconf 87' lang='lat' dir='ltr'>quarn</span> 
     </span>
    </p>
   </div>
  </div>
 </body>
</html>
