1871 3211
451 264 547 314 ἰω
699 264 817 326 DE
871 264 1055 314 VIT.
1113 258 1496 316 PERIOD.

452 396 574 444 Vita
587 396 835 445 hominum
857 411 1020 446 natura
1044 397 1124 446 sua
1145 397 1384 454 durabilis,
1416 404 1576 444 eorum
1593 394 1726 458 judi-3

453 471 528 517 cio
556 471 624 528 sit,
650 488 817 535 nempe
841 473 969 536 quod
995 472 1244 535 vigesimus
1270 474 1446 534 primus
1471 488 1612 539 annus
1638 471 1727 519 hu*

452 553 593 584 mano
638 537 922 586 incremento
967 541 1162 587 modum
1209 535 1477 592 universim
1497 527 1727 605 imponat

450 611 522 656 At
546 610 624 657 ista
649 602 843 674 quidem
867 603 1123 675 plurimum
1147 611 1506 658 mutabilitatis
1495 628 1540 657 in
1566 610 1609 657 se
1641 610 1725 656 ha-

450 683 579 740 bent,
620 700 704 731 nec
744 701 849 749 quae
889 685 945 731 de
984 683 1210 746 ejusmodi
1235 699 1500 746 temporum
1525 682 1725 728 isochro-

448 755 598 803 nismo
645 773 670 801 a
710 758 872 803 multis
914 756 1131 810 citantur,
1175 756 1309 804 facile
1339 755 1724 810 demonstrabilia,

449 843 530 875 aut
554 845 647 874 non
684 829 844 874 saltem
886 829 1202 875 universorum
1228 830 1345 877 sunt.
1418 834 1726 896 Qamquam

445 900 526 946 vix
541 899 808 961 effugienda
827 901 1159 953 nonnullorum
1176 900 1480 972 consideratio
1495 902 1574 958 est,
1595 902 1725 964 quod

445 988 552 1034 quae
577 972 816 1018 celerrime
841 970 1064 1028 crescunt,
1092 961 1285 1020 celerius
1310 968 1499 1037 quoque
1525 968 1725 1020 morian·
1760 1003 1763 1006 -

437 1057 538 1102 atur,
582 1057 683 1090 tum
725 1039 838 1091 vero
880 1044 1112 1101 animalia,
1151 1062 1258 1108 quae
1298 1046 1470 1093 diutius
1516 1061 1728 1094 materno

441 1131 578 1165 utero
603 1118 922 1175 includuntur,
948 1119 1005 1165 ad
1032 1120 1220 1182 longius
1246 1132 1431 1182 tempus
1466 1120 1637 1179 vivere,
1679 1134 1726 1167 et

442 1206 468 1237 e
506 1204 684 1247 contra,
724 1205 776 1238 ut
816 1190 909 1238 fere
942 1190 1139 1254 jamque
1182 1204 1286 1238 ante
1320 1205 1494 1278 ortum,
1533 1192 1724 1267 vivendi

441 1275 627 1351 tempus
653 1266 837 1312 Natura
864 1265 1112 1333 fignificet

512 1427 531 1456 1
549 1425 588 1456 1.
615 1410 686 1458 At
709 1427 791 1458 nos
815 1411 1012 1475 quidem
1037 1427 1214 1470 earum,
1243 1428 1349 1475 quae
1373 1412 1522 1474 magis
1547 1411 1594 1458 in
1618 1427 1722 1473 cor-f

441 1499 551 1546 pore
573 1483 834 1547 conspicuae
855 1484 972 1541 sunt,
989 1481 1312 1532 ⁴mutationum
1335 1486 1634 1532 successiones
1655 1485 1725 1532 se·-

444 1555 558 1611 cuti,
602 1557 875 1616 Infantiam,
914 1558 1311 1615 Adolescentiam,
1353 1559 1638 1607 Virilitatern
1676 1552 1735 1611 et*

441 1628 740 1678 Senectutem
766 1631 1178 1678 considerabimus.
1216 1634 1420 1694 Magna
1444 1629 1684 1694 profecto
1674 1648 1721 1678 in

439 1699 729 1761 periculosis,
751 1702 1069 1766 diuturnisque
1084 1703 1277 1760 morbis,
1292 1717 1571 1750 remotarum
1591 1690 1722 1750 caus-⁹

441 1771 593 1818 sarum
633 1790 738 1835 pars
780 1776 838 1821 ad
880 1774 1103 1836 ejusmodi
1148 1777 1458 1825 mutationum
1502 1778 1719 1839 periodos

438 1845 652 1906 pertinet,
680 1863 849 1909 nempe
881 1848 1025 1910 quod,
1053 1848 1106 1893 iis
1131 1850 1270 1895 tacite
1298 1850 1613 1906 illabentibus,
1636 1846 1719 1896 ve-'

438 1930 533 1963 tera
570 1919 702 1980 plura
746 1934 951 1983 pereant,
995 1937 1208 1983 novaque
1250 1922 1396 1968 rursus
1443 1921 1717 1978 succedant:

439 1991 724 2055 exindeque
716 2006 943 2055 ingentes,
962 1994 1109 2057 poste>
1081 2011 1241 2041 oraves
1259 1995 1492 2058 laepiffirne
1506 1998 1718 2058 morbos,

438 2067 632 2112 universi
673 2068 875 2130 corporis
909 2069 1209 2127 mutationes,
1236 2070 1472 2143 novusque
1498 2072 1621 2134 quafi
1651 2036 1718 2123 sa-,ss>

439 2138 594 2186 nitatis
622 2141 805 2188 babitus
832 2141 1059 2190 induitur.

509 2301 583 2332 12.
610 2286 673 2332 Et
700 2286 915 2334 Infantiae
932 2288 1121 2351 quidem
1143 2290 1257 2335 duas
1281 2289 1461 2336 divisim
1485 2292 1717 2355 periodos,

438 2357 752 2420 diligentiores
778 2361 1080 2418 considerant,
1118 2362 1366 2409 Infantiam
1393 2381 1576 2428 nempe,
1612 2383 1720 2431 quae

437 2433 612 2495 primos
638 2433 807 2496 septem
835 2452 974 2482 annos
998 2438 1153 2494 habet,
1180 2451 1225 2484 et
1242 2439 1517 2496 Pueritiam,
1533 2457 1638 2504 quae
1658 2442 1718 2489 ad

438 2506 738 2553 Pubertatem
785 2509 1057 2571 porrigitur.
1124 2510 1370 2573 Ejusmodi
1418 2514 1718 2577 periodorum

437 2580 537 2625 haec
577 2577 668 2624 fere
694 2578 809 2627 sunt.
879 2582 1148 2630 Maximum
1186 2584 1232 2630 in
1260 2584 1444 2632 Infante
1476 2603 1558 2648 pro
1582 2600 1716 2642 aetate

439 2652 697 2727 perebrurn,
734 2666 786 2700 ut
825 2669 1018 2703 omnem
1053 2656 1144 2705 sere
1169 2660 1364 2705 Naturae
1388 2659 1615 2724 impeturn
1655 2662 1714 2706 ab

1607 2746 1712 2781 ortu
