<?xml version="1.0" encoding="UTF-8"?>
<!DOCTYPE html PUBLIC "-//W3C//DTD XHTML 1.0 Transitional//EN"
    "http://www.w3.org/TR/xhtml1/DTD/xhtml1-transitional.dtd">
<html xmlns="http://www.w3.org/1999/xhtml" xml:lang="en" lang="en">
 <head>
  <title>
</title>
<meta http-equiv="Content-Type" content="text/html;charset=utf-8" />
  <meta name='ocr-system' content='tesseract 3.04.00' />
  <meta name='ocr-capabilities' content='ocr_page ocr_carea ocr_par ocr_line ocrx_word'/>
</head>
<body>
  <div class='ocr_page' id='page_1' title='image "./devitalibusperio02testuoft_0086.png"; bbox 0 0 1871 3211; ppageno 0'>
   <div class='ocr_carea' id='block_1_1' title="bbox 442 217 1491 299">
    <p class='ocr_par' dir='ltr' id='par_1_1' title="bbox 442 217 1491 299">
     <span class='ocr_line' id='line_1_1' title="bbox 442 217 1491 299; baseline 0.001 -13"><span class='ocrx_word' id='word_1_1' title='bbox 442 251 504 299; x_wconf 82' lang='lat'><strong>72</strong></span> <span class='ocrx_word' id='word_1_2' title='bbox 689 239 802 287; x_wconf 84' lang='lat' dir='ltr'><strong>DE</strong></span> <span class='ocrx_word' id='word_1_3' title='bbox 857 217 1041 288; x_wconf 65' lang='lat' dir='ltr'><strong>V1²r.</strong></span> <span class='ocrx_word' id='word_1_4' title='bbox 1100 239 1491 290; x_wconf 79' lang='lat' dir='ltr'><strong>PERIoD.</strong></span> 
     </span>
    </p>
   </div>
   <div class='ocr_carea' id='block_1_2' title="bbox 440 369 1725 658">
    <p class='ocr_par' dir='ltr' id='par_1_2' title="bbox 440 369 1725 658">
     <span class='ocr_line' id='line_1_2' title="bbox 442 369 1723 435; baseline 0.002 -19"><span class='ocrx_word' id='word_1_5' title='bbox 442 370 649 433; x_wconf 87' lang='lat' dir='ltr'><strong>pecuniae</strong></span> <span class='ocrx_word' id='word_1_6' title='bbox 689 370 863 418; x_wconf 64' lang='lat' dir='ltr'><strong>fructus</strong></span> <span class='ocrx_word' id='word_1_7' title='bbox 913 372 1191 418; x_wconf 75' lang='lat' dir='ltr'>sanciretur:</span> <span class='ocrx_word' id='word_1_8' title='bbox 1233 388 1326 435; x_wconf 85' lang='lat' dir='ltr'><strong>qua</strong></span> <span class='ocrx_word' id='word_1_9' title='bbox 1351 372 1396 418; x_wconf 90' lang='lat' dir='ltr'><strong>in</strong></span> <span class='ocrx_word' id='word_1_10' title='bbox 1420 387 1467 419; x_wconf 85' lang='lat' dir='ltr'><strong>re</strong></span> <span class='ocrx_word' id='word_1_11' title='bbox 1501 369 1723 418; x_wconf 77' lang='lat' dir='ltr'>eximiam</span> 
     </span>
     <span class='ocr_line' id='line_1_3' title="bbox 443 446 1725 509; baseline 0.001 -18"><span class='ocrx_word' id='word_1_12' title='bbox 443 458 548 492; x_wconf 84' lang='lat' dir='ltr'><strong>ante</strong></span> <span class='ocrx_word' id='word_1_13' title='bbox 582 446 693 492; x_wconf 83' lang='lat' dir='ltr'><strong>alios</strong></span> <span class='ocrx_word' id='word_1_14' title='bbox 730 463 942 509; x_wconf 81' lang='lat' dir='ltr'><strong>operam,</strong></span> <span class='ocrx_word' id='word_1_15' title='bbox 969 447 1144 493; x_wconf 81' lang='lat' dir='ltr'><strong>locavit</strong></span> <span class='ocrx_word' id='word_1_16' title='bbox 1169 446 1427 508; x_wconf 80' lang='lat' dir='ltr'>Ulpianus,</span> <span class='ocrx_word' id='word_1_17' title='bbox 1454 447 1725 493; x_wconf 85' lang='lat' dir='ltr'><strong>Alexandro</strong></span> 
     </span>
     <span class='ocr_line' id='line_1_4' title="bbox 441 520 1723 583; baseline 0.002 -18"><span class='ocrx_word' id='word_1_18' title='bbox 441 521 613 566; x_wconf 86' lang='lat' dir='ltr'><strong>Severo</strong></span> <span class='ocrx_word' id='word_1_19' title='bbox 637 520 913 583; x_wconf 72' lang='lat' dir='ltr'>imperante.</span> <span class='ocrx_word' id='word_1_20' title='bbox 985 521 1167 568; x_wconf 82' lang='lat' dir='ltr'><strong>Dandae</strong></span> <span class='ocrx_word' id='word_1_21' title='bbox 1191 520 1489 566; x_wconf 85' lang='lat' dir='ltr'><strong>nihilominus</strong></span> <span class='ocrx_word' id='word_1_22' title='bbox 1516 521 1723 583; x_wconf 83' lang='lat' dir='ltr'><strong>pecuniae</strong></span> 
     </span>
     <span class='ocr_line' id='line_1_5' title="bbox 440 593 1723 658; baseline 0.003 -20"><span class='ocrx_word' id='word_1_23' title='bbox 440 593 607 639; x_wconf 79' lang='lat' dir='ltr'><strong>modus</strong></span> <span class='ocrx_word' id='word_1_24' title='bbox 634 593 895 656; x_wconf 73' lang='lat' dir='ltr'><strong>integritate</strong></span> <span class='ocrx_word' id='word_1_25' title='bbox 920 595 1089 651; x_wconf 83' lang='lat' dir='ltr'><strong>deerat,</strong></span> <span class='ocrx_word' id='word_1_26' title='bbox 1126 594 1252 658; x_wconf 87' lang='lat' dir='ltr'><strong>quod</strong></span> <span class='ocrx_word' id='word_1_27' title='bbox 1272 594 1428 657; x_wconf 83' lang='lat' dir='ltr'><strong>ignara</strong></span> <span class='ocrx_word' id='word_1_28' title='bbox 1452 595 1723 642; x_wconf 86' lang='lat' dir='ltr'><strong>Mathema—</strong></span> 
     </span>
    </p>
   </div>
   <div class='ocr_carea' id='block_1_3' title="bbox 442 666 1743 730">
    <p class='ocr_par' dir='ltr' id='par_1_3' title="bbox 442 666 1743 730">
     <span class='ocr_line' id='line_1_6' title="bbox 442 666 1743 730; baseline 0.002 -18"><span class='ocrx_word' id='word_1_29' title='bbox 442 666 551 713; x_wconf 81' lang='lat' dir='ltr'><strong>ticae</strong></span> <span class='ocrx_word' id='word_1_30' title='bbox 570 667 825 730; x_wconf 67' lang='lat' dir='ltr'><strong>disciplinae</strong></span> <span class='ocrx_word' id='word_1_31' title='bbox 844 685 976 730; x_wconf 82' lang='lat' dir='ltr'><strong>gens,</strong></span> <span class='ocrx_word' id='word_1_32' title='bbox 996 667 1130 715; x_wconf 85' lang='lat' dir='ltr'><strong>facile</strong></span> <span class='ocrx_word' id='word_1_33' title='bbox 1158 668 1202 713; x_wconf 85' lang='lat' dir='ltr'><strong>in</strong></span> <span class='ocrx_word' id='word_1_34' title='bbox 1224 668 1506 723; x_wconf 85' lang='lat' dir='ltr'><strong>calculorum</strong></span> <span class='ocrx_word' id='word_1_35' title='bbox 1526 666 1743 714; x_wconf 88' lang='lat' dir='ltr'><strong>subduc—·</strong></span> 
     </span>
    </p>
   </div>
   <div class='ocr_carea' id='block_1_4' title="bbox 440 738 1725 803">
    <p class='ocr_par' dir='ltr' id='par_1_4' title="bbox 440 738 1725 803">
     <span class='ocr_line' id='line_1_7' title="bbox 440 738 1725 803; baseline 0.001 -18"><span class='ocrx_word' id='word_1_36' title='bbox 440 738 566 785; x_wconf 87' lang='lat' dir='ltr'><strong>tione</strong></span> <span class='ocrx_word' id='word_1_37' title='bbox 593 740 714 803; x_wconf 76' lang='lat' dir='ltr'><strong>lapsa</strong></span> <span class='ocrx_word' id='word_1_38' title='bbox 753 742 859 786; x_wconf 75' lang='lat' dir='ltr'><strong>esset</strong></span> <span class='ocrx_word' id='word_1_39' title='bbox 885 743 934 789; x_wconf 74' lang='lat'><strong>¹⁸.</strong></span> <span class='ocrx_word' id='word_1_40' title='bbox 1005 741 1066 787; x_wconf 89' lang='lat' dir='ltr'><strong>Iis</strong></span> <span class='ocrx_word' id='word_1_41' title='bbox 1113 740 1415 787; x_wconf 86' lang='lat' dir='ltr'><strong>nihilominus</strong></span> <span class='ocrx_word' id='word_1_42' title='bbox 1454 739 1725 786; x_wconf 71' lang='lat' dir='ltr'><strong>consultiffi-</strong></span> 
     </span>
    </p>
   </div>
   <div class='ocr_carea' id='block_1_5' title="bbox 440 814 1779 876">
    <p class='ocr_par' dir='ltr' id='par_1_5' title="bbox 440 814 1779 876">
     <span class='ocr_line' id='line_1_8' title="bbox 440 814 1779 876; baseline 0.001 -17"><span class='ocrx_word' id='word_1_43' title='bbox 440 829 518 860; x_wconf 86' lang='lat' dir='ltr'><strong>me</strong></span> <span class='ocrx_word' id='word_1_44' title='bbox 564 815 621 860; x_wconf 84' lang='lat' dir='ltr'><strong>de</strong></span> <span class='ocrx_word' id='word_1_45' title='bbox 664 814 925 861; x_wconf 74' lang='lat' dir='ltr'>mortuariis</span> <span class='ocrx_word' id='word_1_46' title='bbox 972 814 1158 876; x_wconf 83' lang='lat' dir='ltr'><strong>regestis</strong></span> <span class='ocrx_word' id='word_1_47' title='bbox 1201 815 1356 861; x_wconf 61' lang='lat' dir='ltr'><strong>actum</strong></span> <span class='ocrx_word' id='word_1_48' title='bbox 1397 814 1488 860; x_wconf 84' lang='lat' dir='ltr'><strong>est:</strong></span> <span class='ocrx_word' id='word_1_49' title='bbox 1531 828 1725 860; x_wconf 86' lang='lat' dir='ltr'><strong>cautum</strong></span> <span class='ocrx_word' id='word_1_50' title='bbox 1774 819 1779 826; x_wconf 81' lang='grc'><em>“</em></span> 
     </span>
    </p>
   </div>
   <div class='ocr_carea' id='block_1_6' title="bbox 436 887 1726 1169">
    <p class='ocr_par' dir='ltr' id='par_1_6' title="bbox 436 887 1726 1169">
     <span class='ocr_line' id='line_1_9' title="bbox 438 887 1726 950; baseline 0.001 -17"><span class='ocrx_word' id='word_1_51' title='bbox 438 903 643 950; x_wconf 87' lang='lat' dir='ltr'><strong>namque</strong></span> <span class='ocrx_word' id='word_1_52' title='bbox 670 888 799 934; x_wconf 85' lang='lat' dir='ltr'><strong>Servi</strong></span> <span class='ocrx_word' id='word_1_53' title='bbox 825 887 976 934; x_wconf 84' lang='lat' dir='ltr'><strong>Tullii</strong></span> <span class='ocrx_word' id='word_1_54' title='bbox 1003 889 1107 950; x_wconf 80' lang='lat' dir='ltr'><strong>lege</strong></span> <span class='ocrx_word' id='word_1_55' title='bbox 1136 887 1299 943; x_wconf 86' lang='lat' dir='ltr'><strong>fuerat,</strong></span> <span class='ocrx_word' id='word_1_56' title='bbox 1337 901 1389 934; x_wconf 90' lang='lat' dir='ltr'><strong>ut</strong></span> <span class='ocrx_word' id='word_1_57' title='bbox 1422 905 1640 935; x_wconf 85' lang='lat' dir='ltr'><strong>nummus</strong></span> <span class='ocrx_word' id='word_1_58' title='bbox 1678 888 1726 934; x_wconf 87' lang='lat' dir='ltr'><strong>in</strong></span> 
     </span>
     <span class='ocr_line' id='line_1_10' title="bbox 438 961 1723 1024; baseline 0.001 -17"><span class='ocrx_word' id='word_1_59' title='bbox 438 964 670 1024; x_wconf 87' lang='lat' dir='ltr'><strong>templum</strong></span> <span class='ocrx_word' id='word_1_60' title='bbox 697 963 891 1008; x_wconf 85' lang='lat' dir='ltr'><strong>Veneris</strong></span> <span class='ocrx_word' id='word_1_61' title='bbox 927 974 1244 1024; x_wconf 79' lang='lat' dir='ltr'><strong>cognomento</strong></span> <span class='ocrx_word' id='word_1_62' title='bbox 1269 961 1494 1007; x_wconf 82' lang='lat' dir='ltr'><strong>Libitinae</strong></span> <span class='ocrx_word' id='word_1_63' title='bbox 1517 961 1723 1018; x_wconf 85' lang='lat' dir='ltr'><strong>ferretur,</strong></span> 
     </span>
     <span class='ocr_line' id='line_1_11' title="bbox 437 1033 1725 1095; baseline 0.001 -17"><span class='ocrx_word' id='word_1_64' title='bbox 437 1033 619 1095; x_wconf 86' lang='lat' dir='ltr'><strong>quoties</strong></span> <span class='ocrx_word' id='word_1_65' title='bbox 639 1033 742 1094; x_wconf 80' lang='lat' dir='ltr'><strong>quis</strong></span> <span class='ocrx_word' id='word_1_66' title='bbox 769 1045 945 1078; x_wconf 78' lang='lat' dir='ltr'><strong>naturae</strong></span> <span class='ocrx_word' id='word_1_67' title='bbox 964 1033 1240 1078; x_wconf 81' lang='lat' dir='ltr'><strong>concederet</strong></span> <span class='ocrx_word' id='word_1_68' title='bbox 1263 1049 1272 1076; x_wconf 92' lang='lat'>:</span> <span class='ocrx_word' id='word_1_69' title='bbox 1295 1047 1461 1094; x_wconf 81' lang='lat' dir='ltr'><strong>nempe</strong></span> <span class='ocrx_word' id='word_1_70' title='bbox 1489 1044 1537 1076; x_wconf 88' lang='lat' dir='ltr'><strong>ut</strong></span> <span class='ocrx_word' id='word_1_71' title='bbox 1560 1049 1725 1079; x_wconf 88' lang='lat' dir='ltr'><strong>nume-</strong></span> 
     </span>
     <span class='ocr_line' id='line_1_12' title="bbox 436 1105 1726 1169; baseline 0.002 -18"><span class='ocrx_word' id='word_1_72' title='bbox 436 1121 512 1151; x_wconf 82' lang='lat' dir='ltr'><strong>rus</strong></span> <span class='ocrx_word' id='word_1_73' title='bbox 552 1105 801 1169; x_wconf 73' lang='lat' dir='ltr'>quotannis</span> <span class='ocrx_word' id='word_1_74' title='bbox 849 1106 1127 1151; x_wconf 75' lang='lat' dir='ltr'><strong>obeuntium</strong></span> <span class='ocrx_word' id='word_1_75' title='bbox 1179 1106 1402 1152; x_wconf 88' lang='lat' dir='ltr'><strong>constaret</strong></span> <span class='ocrx_word' id='word_1_76' title='bbox 1431 1114 1487 1152; x_wconf 88' lang='lat'><strong>¹4.</strong></span> <span class='ocrx_word' id='word_1_77' title='bbox 1561 1105 1726 1168; x_wconf 79' lang='lat' dir='ltr'><strong>Cujus-‘-</strong></span> 
     </span>
    </p>
   </div>
   <div class='ocr_carea' id='block_1_7' title="bbox 436 1177 1725 1307">
    <p class='ocr_par' dir='ltr' id='par_1_7' title="bbox 436 1177 1725 1307">
     <span class='ocr_line' id='line_1_13' title="bbox 436 1177 1725 1241; baseline 0.003 -18"><span class='ocrx_word' id='word_1_78' title='bbox 436 1178 565 1223; x_wconf 79' lang='lat' dir='ltr'><strong>modi</strong></span> <span class='ocrx_word' id='word_1_79' title='bbox 607 1178 760 1240; x_wconf 80' lang='lat' dir='ltr'><strong>legem</strong></span> <span class='ocrx_word' id='word_1_80' title='bbox 802 1177 883 1223; x_wconf 88' lang='lat' dir='ltr'><strong>sub</strong></span> <span class='ocrx_word' id='word_1_81' title='bbox 910 1179 1100 1226; x_wconf 84' lang='lat' dir='ltr'><strong>Nerone</strong></span> <span class='ocrx_word' id='word_1_82' title='bbox 1127 1177 1385 1225; x_wconf 85' lang='lat' dir='ltr'><strong>etiamnum</strong></span> <span class='ocrx_word' id='word_1_83' title='bbox 1409 1178 1622 1241; x_wconf 82' lang='lat' dir='ltr'><strong>viguiffe,</strong></span> <span class='ocrx_word' id='word_1_84' title='bbox 1668 1197 1725 1227; x_wconf 79' lang='lat' dir='ltr'><strong>ex</strong></span> 
     </span>
     <span class='ocr_line' id='line_1_14' title="bbox 437 1242 1243 1307; baseline 0 -18"><span class='ocrx_word' id='word_1_85' title='bbox 437 1245 664 1291; x_wconf 76' lang='lat' dir='ltr'><strong>Suetonio</strong></span> <span class='ocrx_word' id='word_1_86' title='bbox 692 1246 736 1290; x_wconf 83' lang='lat' dir='ltr'><strong>in</strong></span> <span class='ocrx_word' id='word_1_87' title='bbox 773 1242 869 1307; x_wconf 87' lang='lat' dir='ltr'><strong>ejus</strong></span> <span class='ocrx_word' id='word_1_88' title='bbox 896 1243 992 1290; x_wconf 85' lang='lat' dir='ltr'><strong>vita</strong></span> <span class='ocrx_word' id='word_1_89' title='bbox 1016 1244 1243 1306; x_wconf 72' lang='lat' dir='ltr'>arguitur.</span> 
     </span>
    </p>
   </div>
   <div class='ocr_carea' id='block_1_8' title="bbox 504 1391 1724 1458">
    <p class='ocr_par' dir='ltr' id='par_1_8' title="bbox 504 1391 1724 1458">
     <span class='ocr_line' id='line_1_15' title="bbox 504 1391 1724 1458; baseline -0.001 -16"><span class='ocrx_word' id='word_1_90' title='bbox 504 1413 548 1457; x_wconf 83' lang='lat'><strong>9.</strong></span> <span class='ocrx_word' id='word_1_91' title='bbox 593 1394 801 1458; x_wconf 82' lang='lat' dir='ltr'><strong>Sedjam</strong></span> <span class='ocrx_word' id='word_1_92' title='bbox 837 1395 1025 1441; x_wconf 83' lang='lat' dir='ltr'><strong>tandem</strong></span> <span class='ocrx_word' id='word_1_93' title='bbox 1065 1410 1119 1440; x_wconf 93' lang='lat' dir='ltr'><strong>eo</strong></span> <span class='ocrx_word' id='word_1_94' title='bbox 1144 1394 1466 1457; x_wconf 86' lang='lat' dir='ltr'><strong>Nuperiorum</strong></span> <span class='ocrx_word' id='word_1_95' title='bbox 1506 1391 1724 1441; x_wconf 80' lang='lat' dir='ltr'><strong>industria</strong></span> 
     </span>
    </p>
   </div>
   <div class='ocr_carea' id='block_1_9' title="bbox 409 1460 1749 1524">
    <p class='ocr_par' dir='ltr' id='par_1_9' title="bbox 409 1460 1749 1524">
     <span class='ocr_line' id='line_1_16' title="bbox 409 1460 1749 1524; baseline 0 -10"><span class='ocrx_word' id='word_1_96' title='bbox 409 1460 646 1524; x_wconf 60' lang='lat' dir='ltr'><strong>&#39;devenit‚</strong></span> <span class='ocrx_word' id='word_1_97' title='bbox 672 1484 722 1514; x_wconf 86' lang='lat' dir='ltr'><strong>ut</strong></span> <span class='ocrx_word' id='word_1_98' title='bbox 750 1486 805 1515; x_wconf 70' lang='lat' dir='ltr'><strong>cx</strong></span> <span class='ocrx_word' id='word_1_99' title='bbox 831 1468 1025 1514; x_wconf 83' lang='lat' dir='ltr'><strong>conditis</strong></span> <span class='ocrx_word' id='word_1_100' title='bbox 1051 1468 1357 1514; x_wconf 82' lang='lat' dir='ltr'><strong>Mortalitatis</strong></span> <span class='ocrx_word' id='word_1_101' title='bbox 1381 1466 1550 1513; x_wconf 85' lang='lat' dir='ltr'><strong>tabulis</strong></span> <span class='ocrx_word' id='word_1_102' title='bbox 1573 1462 1749 1514; x_wconf 51' lang='lat' dir='ltr'><strong>novus‘</strong></span> 
     </span>
    </p>
   </div>
   <div class='ocr_carea' id='block_1_10' title="bbox 408 1537 1722 2333">
    <p class='ocr_par' dir='ltr' id='par_1_10' title="bbox 408 1537 1722 2333">
     <span class='ocr_line' id='line_1_17' title="bbox 439 1537 1722 1604; baseline -0.001 -17"><span class='ocrx_word' id='word_1_103' title='bbox 439 1543 604 1587; x_wconf 84' lang='lat' dir='ltr'><strong>flueret</strong></span> <span class='ocrx_word' id='word_1_104' title='bbox 630 1541 1040 1604; x_wconf 69' lang='lat' dir='ltr'><strong>prognosticorum</strong></span> <span class='ocrx_word' id='word_1_105' title='bbox 1068 1540 1112 1586; x_wconf 91' lang='lat' dir='ltr'><strong>in</strong></span> <span class='ocrx_word' id='word_1_106' title='bbox 1139 1540 1387 1587; x_wconf 85' lang='lat' dir='ltr'><strong>Medicina</strong></span> <span class='ocrx_word' id='word_1_107' title='bbox 1425 1537 1545 1594; x_wconf 84' lang='lat' dir='ltr'><strong>fons,</strong></span> <span class='ocrx_word' id='word_1_108' title='bbox 1582 1539 1722 1602; x_wconf 79' lang='lat' dir='ltr'><strong>inque</strong></span> 
     </span>
     <span class='ocr_line' id='line_1_18' title="bbox 437 1613 1722 1676; baseline 0.001 -17"><span class='ocrx_word' id='word_1_109' title='bbox 437 1631 609 1676; x_wconf 76' lang='lat' dir='ltr'><strong>magna</strong></span> <span class='ocrx_word' id='word_1_110' title='bbox 634 1615 880 1660; x_wconf 86' lang='lat' dir='ltr'><strong>hominum</strong></span> <span class='ocrx_word' id='word_1_111' title='bbox 907 1614 1262 1670; x_wconf 83' lang='lat' dir='ltr'><strong>communitate,</strong></span> <span class='ocrx_word' id='word_1_112' title='bbox 1287 1613 1603 1676; x_wconf 88' lang='lat' dir='ltr'><strong>cujuscunque</strong></span> <span class='ocrx_word' id='word_1_113' title='bbox 1626 1613 1722 1660; x_wconf 86' lang='lat' dir='ltr'><strong>fere</strong></span> 
     </span>
     <span class='ocr_line' id='line_1_19' title="bbox 408 1687 1722 1743; baseline -0.001 -10"><span class='ocrx_word' id='word_1_114' title='bbox 408 1688 606 1743; x_wconf 38' lang='lat' dir='ltr'><strong>aetatis,</strong></span> <span class='ocrx_word' id='word_1_115' title='bbox 646 1704 808 1734; x_wconf 89' lang='lat' dir='ltr'><strong>eorum</strong></span> <span class='ocrx_word' id='word_1_116' title='bbox 851 1688 959 1733; x_wconf 79' lang='lat' dir='ltr'><strong>vitae</strong></span> <span class='ocrx_word' id='word_1_117' title='bbox 998 1688 1221 1735; x_wconf 86' lang='lat' dir='ltr'><strong>terminus</strong></span> <span class='ocrx_word' id='word_1_118' title='bbox 1262 1687 1582 1734; x_wconf 76' lang='lat' dir='ltr'><strong>verosimiliter</strong></span> <span class='ocrx_word' id='word_1_119' title='bbox 1617 1700 1722 1733; x_wconf 88' lang='lat' dir='ltr'><strong>ante</strong></span> 
     </span>
     <span class='ocr_line' id='line_1_20' title="bbox 435 1760 1722 1824; baseline 0.002 -20"><span class='ocrx_word' id='word_1_120' title='bbox 435 1760 686 1806; x_wconf 83' lang='lat' dir='ltr'><strong>videretur.</strong></span> <span class='ocrx_word' id='word_1_121' title='bbox 759 1762 988 1807; x_wconf 59' lang='lat' dir='ltr'><strong>Praeterea</strong></span> <span class='ocrx_word' id='word_1_122' title='bbox 1027 1761 1104 1806; x_wconf 84' lang='lat' dir='ltr'><strong>sua</strong></span> <span class='ocrx_word' id='word_1_123' title='bbox 1141 1777 1356 1824; x_wconf 82' lang='lat' dir='ltr'><strong>quaeque,</strong></span> <span class='ocrx_word' id='word_1_124' title='bbox 1394 1761 1722 1823; x_wconf 80' lang='lat' dir='ltr'><strong>plerarumque</strong></span> 
     </span>
     <span class='ocr_line' id='line_1_21' title="bbox 436 1833 1719 1896; baseline 0.001 -17"><span class='ocrx_word' id='word_1_125' title='bbox 436 1833 626 1879; x_wconf 86' lang='lat' dir='ltr'><strong>Artium</strong></span> <span class='ocrx_word' id='word_1_126' title='bbox 655 1834 1005 1889; x_wconf 68' lang='lat' dir='ltr'><strong>professoribus,</strong></span> <span class='ocrx_word' id='word_1_127' title='bbox 1042 1833 1361 1896; x_wconf 84' lang='lat' dir='ltr'><strong>societatisque</strong></span> <span class='ocrx_word' id='word_1_128' title='bbox 1401 1834 1616 1880; x_wconf 75' lang='lat' dir='ltr'><strong>humanae</strong></span> <span class='ocrx_word' id='word_1_129' title='bbox 1648 1834 1719 1880; x_wconf 89' lang='lat' dir='ltr'><strong>in-</strong></span> 
     </span>
     <span class='ocr_line' id='line_1_22' title="bbox 434 1906 1719 1969; baseline 0.003 -18"><span class='ocrx_word' id='word_1_130' title='bbox 434 1906 617 1962; x_wconf 83' lang='lat' dir='ltr'><strong>stitutis,</strong></span> <span class='ocrx_word' id='word_1_131' title='bbox 665 1922 870 1969; x_wconf 77' lang='lat' dir='ltr'><strong>congrua</strong></span> <span class='ocrx_word' id='word_1_132' title='bbox 915 1906 1108 1952; x_wconf 83' lang='lat' dir='ltr'><strong>vivendi</strong></span> <span class='ocrx_word' id='word_1_133' title='bbox 1166 1906 1412 1953; x_wconf 80' lang='lat' dir='ltr'><strong>intervalla</strong></span> <span class='ocrx_word' id='word_1_134' title='bbox 1462 1923 1569 1953; x_wconf 86' lang='lat' dir='ltr'><strong>cum</strong></span> <span class='ocrx_word' id='word_1_135' title='bbox 1618 1907 1719 1955; x_wconf 89' lang='lat' dir='ltr'><strong>suc-</strong></span> 
     </span>
     <span class='ocr_line' id='line_1_23' title="bbox 438 1978 1718 2044; baseline 0.002 -20"><span class='ocrx_word' id='word_1_136' title='bbox 438 1980 557 2025; x_wconf 66' lang='lat' dir='ltr'><strong>cefi‘u</strong></span> <span class='ocrx_word' id='word_1_137' title='bbox 605 1981 791 2043; x_wconf 73' lang='lat' dir='ltr'><strong>quzesita</strong></span> <span class='ocrx_word' id='word_1_138' title='bbox 832 1978 961 2025; x_wconf 83' lang='lat' dir='ltr'><strong>sunt:</strong></span> <span class='ocrx_word' id='word_1_139' title='bbox 1037 1979 1089 2025; x_wconf 77' lang='lat' dir='ltr'><strong>iis</strong></span> <span class='ocrx_word' id='word_1_140' title='bbox 1135 1981 1306 2027; x_wconf 81' lang='lat' dir='ltr'><strong>etenim</strong></span> <span class='ocrx_word' id='word_1_141' title='bbox 1366 1981 1532 2043; x_wconf 86' lang='lat' dir='ltr'><strong>pariter</strong></span> <span class='ocrx_word' id='word_1_142' title='bbox 1577 1993 1718 2044; x_wconf 88' lang='lat' dir='ltr'><strong>atque</strong></span> 
     </span>
     <span class='ocr_line' id='line_1_24' title="bbox 437 2051 1716 2116; baseline 0.002 -19"><span class='ocrx_word' id='word_1_143' title='bbox 437 2051 622 2114; x_wconf 79' lang='lat' dir='ltr'><strong>propria</strong></span> <span class='ocrx_word' id='word_1_144' title='bbox 662 2053 877 2116; x_wconf 70' lang='lat' dir='ltr'><strong>quaedam</strong></span> <span class='ocrx_word' id='word_1_145' title='bbox 919 2052 1189 2098; x_wconf 87' lang='lat' dir='ltr'><strong>morborum</strong></span> <span class='ocrx_word' id='word_1_146' title='bbox 1225 2069 1391 2116; x_wconf 85' lang='lat' dir='ltr'><strong>genera</strong></span> <span class='ocrx_word' id='word_1_147' title='bbox 1427 2065 1716 2115; x_wconf 87' lang='lat' dir='ltr'><strong>competunt,</strong></span> 
     </span>
     <span class='ocr_line' id='line_1_25' title="bbox 438 2124 1717 2190; baseline 0.003 -21"><span class='ocrx_word' id='word_1_148' title='bbox 438 2125 498 2170; x_wconf 73' lang='lat' dir='ltr'><strong>iic</strong></span> <span class='ocrx_word' id='word_1_149' title='bbox 523 2125 642 2188; x_wconf 71' lang='lat' dir='ltr'><strong>plus,</strong></span> <span class='ocrx_word' id='word_1_150' title='bbox 688 2124 926 2187; x_wconf 85' lang='lat' dir='ltr'><strong>minusque</strong></span> <span class='ocrx_word' id='word_1_151' title='bbox 949 2125 1089 2171; x_wconf 84' lang='lat' dir='ltr'><strong>ctiam</strong></span> <span class='ocrx_word' id='word_1_152' title='bbox 1110 2125 1434 2188; x_wconf 81' lang='lat' dir='ltr'><strong>longaevitatiS,</strong></span> <span class='ocrx_word' id='word_1_153' title='bbox 1455 2142 1597 2188; x_wconf 86' lang='lat' dir='ltr'><strong>quam</strong></span> <span class='ocrx_word' id='word_1_154' title='bbox 1616 2126 1717 2190; x_wconf 87' lang='lat' dir='ltr'><strong>spe—</strong></span> 
     </span>
     <span class='ocr_line' id='line_1_26' title="bbox 439 2198 1716 2262; baseline 0.004 -22"><span class='ocrx_word' id='word_1_155' title='bbox 439 2213 535 2243; x_wconf 73' lang='lat' dir='ltr'><strong>rare</strong></span> <span class='ocrx_word' id='word_1_156' title='bbox 575 2200 757 2259; x_wconf 75' lang='lat' dir='ltr'><strong>pofiint,</strong></span> <span class='ocrx_word' id='word_1_157' title='bbox 807 2198 994 2244; x_wconf 83' lang='lat' dir='ltr'><strong>habent.</strong></span> <span class='ocrx_word' id='word_1_158' title='bbox 1067 2198 1158 2243; x_wconf 89' lang='lat' dir='ltr'><strong>Sed</strong></span> <span class='ocrx_word' id='word_1_159' title='bbox 1185 2213 1229 2246; x_wconf 86' lang='lat' dir='ltr'><strong>et</strong></span> <span class='ocrx_word' id='word_1_160' title='bbox 1254 2199 1374 2244; x_wconf 82' lang='lat' dir='ltr'><strong>datae</strong></span> <span class='ocrx_word' id='word_1_161' title='bbox 1393 2198 1533 2244; x_wconf 85' lang='lat' dir='ltr'><strong>etiam</strong></span> <span class='ocrx_word' id='word_1_162' title='bbox 1564 2199 1716 2262; x_wconf 82' lang='lat' dir='ltr'><strong>regio-</strong></span> 
     </span>
     <span class='ocr_line' id='line_1_27' title="bbox 438 2270 1714 2333; baseline 0.005 -19"><span class='ocrx_word' id='word_1_163' title='bbox 438 2270 507 2315; x_wconf 71' lang='lat' dir='ltr'><strong>nis</strong></span> <span class='ocrx_word' id='word_1_164' title='bbox 569 2271 733 2319; x_wconf 78' lang='lat' dir='ltr'><strong>incolae</strong></span> <span class='ocrx_word' id='word_1_165' title='bbox 779 2271 1017 2319; x_wconf 86' lang='lat' dir='ltr'><strong>communi</strong></span> <span class='ocrx_word' id='word_1_166' title='bbox 1080 2273 1288 2333; x_wconf 84' lang='lat' dir='ltr'><strong>quadarn</strong></span> <span class='ocrx_word' id='word_1_167' title='bbox 1345 2271 1456 2318; x_wconf 82' lang='lat' dir='ltr'><strong>vitae</strong></span> <span class='ocrx_word' id='word_1_168' title='bbox 1502 2273 1714 2321; x_wconf 87' lang='lat' dir='ltr'><strong>mensura</strong></span> 
     </span>
    </p>
   </div>
   <div class='ocr_carea' id='block_1_11' title="bbox 486 2413 1741 2486">
    <p class='ocr_par' dir='ltr' id='par_1_11' title="bbox 486 2413 1741 2486">
     <span class='ocr_line' id='line_1_28' title="bbox 486 2413 1741 2486; baseline 0.004 -21"><span class='ocrx_word' id='word_1_169' title='bbox 486 2433 519 2453; x_wconf 70' lang='lat'><strong>¹³</strong></span> <span class='ocrx_word' id='word_1_170' title='bbox 549 2428 661 2466; x_wconf 75' lang='lat' dir='ltr'><strong>Conf.</strong></span> <span class='ocrx_word' id='word_1_171' title='bbox 677 2442 762 2480; x_wconf 78' lang='lat' dir='ltr'><strong>quae</strong></span> <span class='ocrx_word' id='word_1_172' title='bbox 777 2430 823 2466; x_wconf 82' lang='lat' dir='ltr'><strong>ad</strong></span> <span class='ocrx_word' id='word_1_173' title='bbox 841 2430 1048 2468; x_wconf 78' lang='lat' dir='ltr'><strong>versionem</strong></span> <span class='ocrx_word' id='word_1_174' title='bbox 1068 2430 1242 2468; x_wconf 84' lang='lat' dir='ltr'><strong>Italicam</strong></span> <span class='ocrx_word' id='word_1_175' title='bbox 1269 2430 1357 2468; x_wconf 89' lang='lat' dir='ltr'><strong>Lib.</strong></span> <span class='ocrx_word' id='word_1_176' title='bbox 1380 2431 1444 2469; x_wconf 88' lang='lat' dir='ltr'><strong>Cl.</strong></span> <span class='ocrx_word' id='word_1_177' title='bbox 1465 2431 1631 2478; x_wconf 89' lang='lat' dir='ltr'><strong>Moivre,</strong></span> <span class='ocrx_word' id='word_1_178' title='bbox 1658 2413 1741 2486; x_wconf 60' lang='lat' dir='ltr'><strong>aci-&gt;</strong></span> 
     </span>
    </p>
   </div>
   <div class='ocr_carea' id='block_1_12' title="bbox 423 2486 1724 2595">
    <p class='ocr_par' dir='ltr' id='par_1_12' title="bbox 423 2486 1724 2595">
     <span class='ocr_line' id='line_1_29' title="bbox 423 2486 1724 2542; baseline 0.004 -18"><span class='ocrx_word' id='word_1_179' title='bbox 423 2486 598 2535; x_wconf 53' lang='lat' dir='ltr'><strong>Jecitvir</strong></span> <span class='ocrx_word' id='word_1_180' title='bbox 618 2486 932 2539; x_wconf 69' lang='lat' dir='ltr'><strong>Litteratiffimus,</strong></span> <span class='ocrx_word' id='word_1_181' title='bbox 962 2489 1053 2527; x_wconf 88' lang='lat' dir='ltr'><strong>etin</strong></span> <span class='ocrx_word' id='word_1_182' title='bbox 1067 2489 1342 2528; x_wconf 83' lang='lat' dir='ltr'><strong>Mathematica</strong></span> <span class='ocrx_word' id='word_1_183' title='bbox 1362 2489 1569 2542; x_wconf 84' lang='lat' dir='ltr'><strong>Disciplina</strong></span> <span class='ocrx_word' id='word_1_184' title='bbox 1598 2490 1724 2529; x_wconf 77' lang='lat' dir='ltr'><strong>Nohl·</strong></span> 
     </span>
     <span class='ocr_line' id='line_1_30' title="bbox 430 2546 935 2595; baseline 0.004 -12"><span class='ocrx_word' id='word_1_185' title='bbox 430 2546 726 2595; x_wconf 60' lang='lat' dir='ltr'><strong>Riflimus-Greg.</strong></span> <span class='ocrx_word' id='word_1_186' title='bbox 753 2547 935 2586; x_wconf 81' lang='lat' dir='ltr'><strong>Fontana.</strong></span> 
     </span>
    </p>
   </div>
   <div class='ocr_carea' id='block_1_13' title="bbox 484 2603 1210 2652">
    <p class='ocr_par' dir='ltr' id='par_1_13' title="bbox 484 2603 1210 2652">
     <span class='ocr_line' id='line_1_31' title="bbox 484 2603 1210 2652; baseline 0.008 -12"><span class='ocrx_word' id='word_1_187' title='bbox 484 2608 523 2652; x_wconf 69' lang='lat'><strong>,¹⁴</strong></span> <span class='ocrx_word' id='word_1_188' title='bbox 547 2603 664 2642; x_wconf 86' lang='lat' dir='ltr'><strong>Conf.</strong></span> <span class='ocrx_word' id='word_1_189' title='bbox 683 2606 799 2644; x_wconf 57' lang='lat' dir='ltr'><strong>Dion.</strong></span> <span class='ocrx_word' id='word_1_190' title='bbox 819 2607 1012 2652; x_wconf 56' lang='lat' dir='ltr'><strong>Halicarfz.</strong></span> <span class='ocrx_word' id='word_1_191' title='bbox 1039 2607 1123 2646; x_wconf 84' lang='lat' dir='ltr'><strong>Lib.</strong></span> <span class='ocrx_word' id='word_1_192' title='bbox 1141 2608 1210 2646; x_wconf 62' lang='lat' dir='ltr'><strong>IV„</strong></span> 
     </span>
    </p>
   </div>
   <div class='ocr_carea' id='block_1_14' title="bbox 1506 2692 1714 2757">
    <p class='ocr_par' dir='ltr' id='par_1_14' title="bbox 1506 2692 1714 2757">
     <span class='ocr_line' id='line_1_32' title="bbox 1506 2692 1714 2757; baseline 0.014 -18"><span class='ocrx_word' id='word_1_193' title='bbox 1506 2692 1714 2757; x_wconf 75' lang='lat' dir='ltr'><strong>proxime</strong></span> 
     </span>
    </p>
   </div>
   <div class='ocr_carea' id='block_1_15' title="bbox 1816 0 1871 1397">
    <p class='ocr_par' dir='ltr' id='par_1_15' title="bbox 1816 0 1871 1397">
     <span class='ocr_line' id='line_1_33' title="bbox 1816 0 1871 1397; baseline 0 0"><span class='ocrx_word' id='word_1_194' title='bbox 1816 0 1871 1397; x_wconf 95' lang='lat' dir='ltr'><strong> </strong></span> 
     </span>
    </p>
   </div>
   <div class='ocr_carea' id='block_1_16' title="bbox 1861 1546 1871 1621">
    <p class='ocr_par' dir='ltr' id='par_1_16' title="bbox 1861 1546 1871 1621">
     <span class='ocr_line' id='line_1_34' title="bbox 1861 1546 1871 1621; textangle 90"><span class='ocrx_word' id='word_1_195' title='bbox 1861 1581 1871 1621; x_wconf 43' lang='grc' dir='ltr'><strong>«Δ</strong></span> <span class='ocrx_word' id='word_1_196' title='bbox 1863 1546 1865 1550; x_wconf 86' lang='grc'><strong>-</strong></span> 
     </span>
    </p>
   </div>
  </div>
 </body>
</html>
