1871 3211
505 245 594 290 126
729 243 849 290 DE
905 243 1091 292 VIT.
1152 244 1541 293 PERIOD.

491 375 703 437 proxime
736 376 818 422 sub
858 377 927 423 his
954 377 1076 423 horis
1104 377 1364 424 coctionem
1406 376 1648 432 subeunte,
1694 366 1770 418 vel

491 464 517 493 a
553 449 708 510 primo
746 448 845 504 illo,
887 466 1028 512 quem
1053 449 1276 506 diximus,
1320 450 1538 496 cohibitae
1584 458 1772 511 propter

491 525 702 580 noel-em,
721 540 827 569 oum
866 523 1151 587 perspirabili
1176 540 1364 586 vapore,
1386 523 1592 570 materiei
1609 520 1773 568 caloris

492 597 540 642 in
581 614 675 654 cor,
725 614 771 645 et
816 601 920 646 vasa
958 601 1154 662 impetu,
1225 602 1363 647 Certe
1404 601 1626 646 nocturna
1662 590 1774 643 Vita·

490 675 660 733 omnis,
703 676 866 721 diurna
893 676 1159 737 languidior
1183 676 1260 732 est,
1307 675 1582 738 exindeque,
1630 688 1774 735 quam

491 746 623 809 supra
669 749 1052 803 memoravimus,
1117 749 1313 811 asperior
1359 765 1439 810 per
1486 747 1533 793 id
1581 758 1771 806 tempus

490 819 765 882 septicorum
832 823 1104 866 morborum
1175 821 1486 876 exacerbatio,
1558 818 1775 865 intestino

491 894 744 941 humorum
769 908 900 940 motu
928 908 1110 940 tantum
1137 897 1289 950 aucto,
1331 908 1556 957 quantum
1592 893 1639 939 in
1663 908 1773 956 pro·

489 969 687 1029 greffivo
704 965 885 1028 jactura
908 967 963 1012 iis
990 967 1110 1014 facta
1136 968 1215 1012 est.

555 1132 638 1174 42.
668 1116 892 1164 Similiter
915 1116 1249 1163 dormientium
1274 1117 1607 1180 plerorumque
1637 1113 1778 1180 respi-

483 1181 607 1236 'fatio
645 1191 799 1236 minor
839 1190 916 1246 est,
953 1204 999 1236 et
1045 1190 1203 1245 rarior,
1243 1190 1423 1236 tametsi
1463 1190 1597 1236 altius
1624 1189 1774 1236 attolli

491 1263 627 1309 costae
652 1263 911 1318 videantur,
939 1263 1000 1309 ob
1040 1263 1353 1309 difficiliorem
1394 1275 1440 1308 et
1477 1263 1776 1325 impeditum,

492 1348 684 1397 propter
743 1335 948 1397 corporis
996 1334 1041 1380 in
1088 1335 1365 1382 dormiendo
1410 1335 1627 1396 positum,
1674 1333 1775 1379 dia-

492 1407 782 1470 phragmatis
805 1407 1088 1454 descensum.
1150 1409 1406 1471 Propterea
1429 1407 1626 1454 interdiu
1651 1406 1774 1470 plus,

491 1472 635 1542 quam
677 1480 809 1525 noete
848 1480 1012 1541 pulmo
1054 1481 1251 1536 laborat,
1294 1497 1401 1543 quae
1435 1480 1627 1526 fortaffis
1658 1479 1778 1526 ratio

491 1554 572 1608 est,
599 1569 679 1598 cur
699 1554 910 1599 nonnulli
932 1554 1155 1616 pulmone
1181 1553 1291 1611 laefi,
1316 1554 1464 1600 levius
1483 1570 1565 1616 per
1589 1553 1776 1601 noctem

494 1627 582 1672 sese
624 1626 852 1672 habeant:
905 1627 1033 1689 quod
1083 1626 1129 1672 in
1177 1627 1383 1689 quadam
1427 1626 1622 1673 foemina
1660 1625 1774 1672 vidi.

496 1701 652 1763 Qare
679 1697 901 1754 similiter,
924 1698 1156 1761 quidquid
1178 1701 1313 1746 noete
1336 1698 1629 1763 perspiratur‚
1653 1699 1776 1761 plus-

493 1789 635 1836 quam
669 1773 761 1826 die,
794 1772 1012 1818 vitiatum
1050 1787 1096 1818 et
1124 1774 1430 1836 mephiticum
1467 1773 1545 1819 est.
1601 1773 1680 1820 Est
1705 1786 1777 1819 et-

494 1845 638 1899 enim,
665 1844 794 1906 quod
819 1861 927 1890 mox
966 1858 1100 1889 antea
1124 1845 1344 1900 diximus,
1378 1844 1496 1891 cutis
1521 1844 1656 1900 aelio,
1681 1843 1777 1908 ejus

493 1933 600 1980 quae
638 1917 859 1979 pulmone
894 1916 1110 1972 exeritur,
1148 1917 1343 1976 vicaria,
1381 1930 1427 1963 et
1463 1917 1689 1963 viciffim:
1725 1930 1779 1963 ut

493 2005 736 2055 propterea
777 1992 1009 2037 obstrufta
1033 1990 1191 2037 senum
1223 2005 1345 2047 cute,
1377 1989 1517 2038 foetor
1551 1991 1641 2038 oris
1677 1991 1779 2038 suc-

494 2069 643 2123 cedat,
678 2067 722 2111 in
759 2065 1128 2112 adolescentibus
1164 2082 1189 2111 e
1228 2079 1404 2121 contra,
1446 2082 1500 2111 ea
1547 2067 1777 2130 perpetim

494 2141 694 2195 madida,
723 2140 812 2200 qris
834 2139 981 2202 gratia
1009 2151 1053 2184 et
1078 2137 1289 2185 suavitas.
1317 2140 1436 2186 Inde
1460 2139 1598 2185 etiam
1623 2153 1777 2187 matu-

496 2216 594 2261 tino
619 2228 845 2275 tempore,
864 2214 1028 2275 pulmo
1053 2212 1220 2275 pituita
1243 2212 1477 2271 infarctus,
1512 2213 1776 2277 frequentes

495 2286 736 2332 excreandi
765 2286 881 2332 ictus
906 2285 1140 2331 concitat:
1179 2286 1241 2332 ob
1275 2303 1471 2350 eamque
1495 2288 1775 2334 verosimili-

495 2374 563 2405 ter
588 2359 786 2403 caussam
829 2355 1079 2413 stertorosa‚
1125 2371 1169 2404 et
1192 2359 1315 2421 quasi
1353 2361 1627 2407 ronchizans
1665 2361 1776 2408 dor-

497 2431 744 2479 mientium
770 2432 1102 2477 nonnullorum
1122 2432 1357 2496 respiratio
1379 2432 1415 2462 ¹3
1443 2450 1468 2480 a
1493 2450 1633 2481 muco
1653 2433 1776 2486 circa.

496 2498 721 2557 laringem
741 2496 955 2547 haerente.

1544 2580 1626 2628 43.
1665 2565 1772 2612 Cae·

547 2681 580 2704 ¹⁸
610 2678 831 2718 Insenfibilis
849 2693 944 2730 pene
973 2679 1163 2731 respiratio
1187 2679 1227 2720 in
1245 2681 1452 2722 dormiente
1470 2683 1612 2734 puella,
1641 2681 1688 2718 de
1712 2694 1789 2732 qua

578 2746 581 2754 ’
1644 2740 1782 2791 supra=
