1871 3211
433 278 475 328 <3
543 281 591 327 .A.
659 280 708 328 t]
780 282 826 355 S,
883 281 913 326 S
983 281 1004 326 I
1077 282 1124 329 S.
1329 281 1421 347 167

136 425 310 462 tratum
334 411 601 463 Tirannum
638 415 724 463 rite
748 431 774 462 a
798 416 876 464 M.
910 415 975 463 T.
1001 412 1220 460 laudatur
1252 413 1299 460 in
1324 414 1418 462 Ca-

135 501 261 538 tone.

201 652 246 698 9.
274 636 400 685 Cum
425 652 536 685 vero
563 653 656 684 non
674 636 850 692 omnia,
873 651 976 698 quae
994 634 1050 687 ad
1071 631 1293 696 ejusmodi
1313 646 1418 679 aeta-

131 720 236 756 tum
275 710 484 759 transitus
526 712 775 773 pertinent,
824 710 870 756 in
906 723 1051 754 certas
1087 708 1421 753 accuratissime

131 797 360 832 annorum
385 784 602 848 periodos
627 785 813 843 cadant,
849 799 1053 846 cumque
1076 781 1293 828 vitalium
1330 781 1422 826 cir-

133 855 348 904 cuituum
373 859 725 921 complementa
771 873 796 904 a
833 856 1032 918 regionis
1069 855 1234 917 positu,
1271 854 1422 901 victus

131 930 330 987 ratione,
358 931 547 980 vivendi
575 949 761 995 genere,
793 943 839 977 et
863 931 979 993 saepe
1005 929 1062 976 ab
1086 929 1207 974 avita
1231 943 1424 991 quoque

130 1004 433 1053 Familiarum
459 1007 806 1064 consuetudine,
832 1006 1144 1053 mutationem
1176 1003 1420 1066 recipiant,

133 1074 238 1123 iilos
263 1076 324 1123 sic
349 1079 673 1136 tractabimus,
705 1093 758 1126 ut
783 1078 1007 1142 ejusmodi
1034 1077 1158 1123 Virae
1182 1071 1440 1124 intervalla

134 1150 505 1218 haudquaquam
545 1154 755 1201 deffinito
792 1170 1019 1200 annorum
1052 1152 1297 1198 intervallo
1334 1151 1425 1197 cir·

134 1226 445 1275 cumscribere
470 1229 730 1284 videamur,
757 1228 831 1274 sed
859 1227 1027 1291 quibus
1060 1240 1163 1273 ante
1192 1226 1328 1289 [ignis
1353 1226 1425 1271 os-

135 1297 402 1354 tendantur,
429 1314 476 1347 et
498 1317 611 1364 quas
633 1300 758 1347 Vitae
778 1299 1060 1348 mutationes
1080 1298 1235 1345 secum
1261 1297 1424 1354 ferant,

134 1367 443 1434 intelligatur.
515 1376 824 1438 Qamquam
850 1373 990 1418 etiam
1015 1373 1071 1419 de
1097 1372 1292 1427 ratione,
1330 1388 1425 1435 qua

135 1446 389 1493 commode
425 1447 536 1494 Vita
575 1447 730 1494 omnis
767 1446 917 1493 dividi
951 1448 1103 1509 poffit,
1142 1447 1263 1491 haud
1288 1447 1425 1508 plane

71 1546 75 1553 ι
135 1516 254 1564 inter
277 1535 442 1567 omnes
467 1521 659 1568 constat.
731 1519 879 1568 Multi
903 1519 1028 1566 enim
1054 1532 1207 1565 totum
1234 1518 1278 1565 id
1304 1531 1425 1565 tem-

135 1605 225 1651 pus
251 1589 463 1639 bifariam
490 1593 767 1656 partiuntur,
793 1605 840 1639 et
858 1590 1235 1653 unumquodque
1261 1606 1425 1636 eorum

133 1663 391 1712 trifariam:
430 1683 600 1731 nempe
641 1667 770 1730 quod
809 1679 977 1729 putant
1003 1665 1163 1711 Vitam
1202 1664 1248 1710 in
1291 1681 1424 1711 com-

131 1739 264 1786 muni
289 1741 626 1789 senescentium
653 1740 897 1789 hominum
923 1752 1057 1787 aetate
1093 1738 1186 1786 fere
1211 1739 1426 1802 duplica-

132 1810 190 1868 ri,
215 1829 470 1878 eorumque
496 1816 763 1863 alterutram
802 1814 977 1876 triplici
1020 1812 1163 1860 stadio
1198 1813 1422 1869 constare,

135 1885 412 1935 incrementi
435 1889 674 1945 videlicet,
717 1889 876 1942 status,
917 1899 964 1932 et
992 1885 1307 1932 decrementi:
1341 1901 1425 1931 cu-

127 1958 335 2024 jusmodi
361 1961 419 2008 de
443 1961 664 2008 aetatibus
690 1959 924 2022 judicium
951 1958 1181 2021 superiore
1207 1958 1327 2003 libro
1352 1971 1424 2005 at.-

136 2031 345 2095 tigimus.
416 2033 514 2080 Alii
542 2031 764 2078 trifariam
789 2031 994 2078 absolute
1019 2030 1254 2085 dividunt,
1289 2044 1334 2077 et
1358 2031 1423 2078 ita

135 2106 347 2169 quidem,
386 2119 439 2153 ut
479 2122 590 2151 cum
632 2119 875 2151 ternorum
900 2102 1123 2166 ejusmodi
1152 2116 1422 2165 temporum

135 2178 373 2225 isochrona
413 2180 464 2224 s1t
487 2180 621 2232 ratio,
661 2176 949 2240 aequabssiter
994 2176 1261 2221 acceleratae
1301 2176 1423 2223 Vitae

135 2253 257 2300 vires
299 2253 345 2299 in
387 2253 543 2316 primo
584 2250 980 2313 sint‚‘aequabiles
1022 2249 1067 2296 in
1105 2250 1267 2305 altero,
1304 2250 1422 2297 etin

133 2326 369 2393 postremo
393 2327 690 2391 aequabiliter
714 2325 981 2372 retardatae.

152 2533 156 2536 ⁴
208 2493 284 2527 ιο.
321 2475 422 2524 Alii
459 2488 619 2522 contra
655 2472 950 2520 intervallum
977 2468 1092 2515 illud
1127 2483 1285 2523 omne,
1325 2483 1423 2530 quo

137 2551 308 2598 animal
351 2549 572 2604 adolevit,
625 2547 850 2609 suumque
891 2543 948 2590 ad
995 2558 1156 2588 acmen
1193 2534 1423 2604 pervenit,

133 2636 349 2688 quartam
372 2621 590 2668 naturalis
616 2620 740 2666 Vitae
775 2623 956 2680 partem
1001 2615 1088 2672 effe
1127 2613 1420 2666 arbitrantur,

136 2711 189 2746 ut
210 2710 456 2761 propterea
481 2694 536 2741 ad
560 2705 778 2757 quartum
803 2703 849 2736 et
871 2687 1206 2752 octogesimun=
1228 2696 1422 2805 ιωιζτη,

774 2764 833 2812 Μ
870 2779 902 2822 4
1382 2765 1432 2803 tt
