1871 3211
466 335 556 386 152
706 311 1535 376 DE'VIT.PER10D.<

460 454 596 501 Illam
609 455 879 518 Bouguerus
900 459 1215 521 comparative
1231 459 1287 506 ad
1307 459 1516 517 solarem,
1540 460 1734 509 aestima-

459 527 546 588 vit,
569 528 638 574 uti
667 544 719 577 1:
741 544 1021 590 :.3000000

522 691 548 721 2
555 690 600 737 3.
639 677 867 723 Praeterea
890 677 1120 741 quidquid
1143 678 1304 725 caloris
1332 678 1378 725 in
1410 694 1511 725 aere
1536 694 1561 724 a
1595 681 1736 725 Luna

456 750 735 808 excluditur,
755 769 847 798 non
865 753 1046 815 proprie
1063 754 1119 800 ad
1134 752 1229 815 ejus
1249 755 1423 810 lumen,
1444 769 1580 800 omne
1590 754 1736 816 perti-

458 837 552 880 net,
571 825 648 872 sed
673 826 730 871 ad
752 823 975 886 majorem
1001 826 1112 871 aeris
1128 827 1316 873 Lunam
1337 827 1487 874 versus
1513 825 1739 890 compulsi

457 899 711 953 raritatem,
736 910 789 943 ut
808 910 1055 959 propterea
1071 899 1224 960 quoad
1246 899 1406 944 Solem
1431 901 1589 956 etiam,
1619 900 1738 947 alius

458 971 572 1016 aeris
596 971 728 1017 aestus
753 973 811 1017 ab
837 971 958 1017 illius
984 987 1095 1033 erga
1121 987 1273 1018 aerem
1305 973 1578 1018 attratstsone
1611 964 1749 1020 inci-⁴

456 1044 541 1089 tari
565 1043 793 1100 credatur,
831 1045 1039 1106 alterque
1065 1044 1121 1090 ab
1147 1045 1335 1091 admissa
1361 1045 1406 1091 in
1443 1061 1596 1091 aerem
1621 1046 1740 1092 Solis

457 1120 582 1176 luce,
615 1130 662 1164 et
686 1135 787 1165 aere
812 1119 980 1165 exinde
1006 1118 1285 1167 excalefaRO
1306 1123 1357 1166 ¹².
1398 1122 1558 1183 Qare
1582 1120 1615 1166 ii
1646 1137 1738 1168 cae-
1772 1140 1775 1151 ’

457 1203 661 1237 terorum
685 1193 949 1239 validiffimi
977 1192 1091 1238 aeris
1118 1192 1249 1239 aestus
1274 1194 1409 1248 fiunt,
1439 1192 1590 1256 quiex
1614 1206 1738 1240 utra-

457 1280 566 1327 que,
592 1281 734 1328 quam
760 1266 1116 1330 significavimus
1136 1267 1267 1314 aestus
1292 1267 1459 1322 caussa,
1479 1266 1738 1332 fimulkpro-

459 1338 736 1386 ficiscuntur.

526 1502 606 1545 24.
634 1489 791 1550 Qare
817 1501 926 1532 cum
947 1486 1122 1534 caeteris
1140 1476 1389 1534 validiOres
1410 1487 1540 1534 aestus
1563 1488 1608 1536 in
1630 1488 1737 1536 Ple-

458 1559 643 1609 niluniis
678 1574 723 1606 et
747 1553 1021 1606 Noviluniis
1053 1561 1189 1614 fiant,
1208 1560 1511 1608 observatum
1548 1577 1737 1626 quoque

458 1635 522 1680 est
563 1633 797 1681 mitiffima
836 1632 1116 1694 plerumque
1160 1632 1205 1678 in
1248 1633 1523 1678 Pleniluniis
1563 1633 1736 1695 frigora

456 1708 717 1756 incurrere:
753 1705 880 1768 quod
910 1705 988 1750 vix
1028 1708 1073 1751 in
1107 1721 1227 1750 nova
1263 1707 1315 1752 fit
1339 1708 1505 1753 Luna:
1550 1720 1601 1752 ut
1625 1706 1734 1754 inde

456 1781 677 1828 credibile
705 1778 757 1824 s1t
796 1779 841 1824 in
884 1778 1282 1839 splendentiffima,
1318 1780 1543 1842 plenaque
1578 1781 1734 1838 Luna,

457 1855 730 1902 ditiffimum
755 1851 852 1913 ejus
876 1852 1033 1895 lumen
1059 1852 1115 1896 ad
1144 1851 1256 1897 aeris
1279 1852 1456 1907 aestum,
1503 1853 1734 1899 calorem·
1791 1890 1793 1894 ,

456 1945 549 1990 que
596 1925 883 1990 augendum,
939 1923 1064 1968 suam
1108 1923 1274 1986 pariter
1312 1923 1568 1987 symbolam
1618 1942 1730 1973 eon-

457 2002 587 2048 ferre.

526 2169 603 2216 25.
642 2152 748 2197 Nec
785 2160 922 2203 certe,
956 2165 1061 2211 quae
1101 2147 1283 2211 propria
1323 2147 1494 2193 lunaris
1537 2147 1730 2195 luminis

459 2228 562 2284 snit,
590 2222 836 2273 aetivitatis
856 2224 1068 2284 exempla
1094 2222 1183 2268 alia
1201 2223 1527 2268 defiderantur.
1597 2220 1730 2284 Ejus-

457 2302 584 2348 modi
622 2301 722 2347 sunt
745 2296 985 2342 adulterati
1012 2313 1036 2342 a
1070 2295 1336 2359 splendente
1371 2297 1507 2342 Luna
1530 2295 1730 2342 vestium

521 2484 624 2520 ³An
650 2496 726 2519 non
755 2480 885 2518 solaxis
915 2491 951 2517 et
983 2479 1126 2518 lunaris
1162 2480 1232 2516 lux
1259 2493 1280 2516 a
1306 2480 1384 2516 sola
1411 2478 1545 2516 caloris
1583 2478 1738 2516 materie

450 2553 601 2594 propter
626 2539 845 2576 alterutrius
878 2552 967 2587 erga
1003 2552 1137 2583 aerem,
1167 2548 1203 2575 et
1221 2547 1344 2575 totum
1377 2549 1486 2576 terrae
1503 2550 1654 2586 corpus,
1681 2546 1736 2574 at-

449 2601 825 2648 r1·1&ionen1‚quan1
844 2597 1037 2634 celerrime
1056 2608 1091 2633 et
1110 2610 1246 2646 magna
1265 2596 1373 2646 copia
1391 2612 1438 2634 ex
1463 2595 1637 2633 omnibus
1665 2608 1733 2632 un·

450 2661 565 2711 iique
583 2656 814 2695 ῖεΓ-ιείὶιίὺυε
833 2655 1065 2704 corpo1ibus,
1095 2655 1271 2692 exclusa.
1265 2657 1278 2683 Ρ
1310 2655 1450 2693 Certe'
1442 2670 1480 2692 m
1501 2663 1607 2692 tanto
1625 2651 1733 2690 dubi-

447 2720 644 2763 tationum,
675 2729 760 2766 quae
777 2714 817 2751 in
835 2713 873 2750 id
891 2715 997 2750 elatae
1016 2715 1101 2750 sunt
1120 2726 1290 2760 numero,
1319 2714 1384 2751 vix
1407 2713 1590 2764 postrema
1605 2710 1731 2749 isthaec

448 2774 487 2809 in
505 2783 653 2808 omnem
673 2768 824 2817 prorsus
844 2776 988 2816 partem
1008 2764 1240 2815 repudianda
1256 2765 1317 2804 est.

1527 2823 1720 2881 colores,
