1871 3211
366 270 1064 323 SANORUM.
1322 281 1386 341 ⁸9

98 418 232 452 amor
249 405 451 453 immites
476 405 679 453 concitat
705 407 884 453 animos
906 428 918 460 ;
964 406 1186 468 zelotypi,
1225 409 1379 456 insidi-

94 478 176 534 osi,
203 494 431 542 perpetuo
452 482 652 529 exterriti
680 495 805 527 metu
829 517 841 536 ,
870 495 1146 543 tantumque
1173 482 1383 528 crimini-

97 552 182 596 bus
222 551 405 609 sordidi,
455 566 686 617 quantum
724 555 935 616 opposita
976 555 1088 600 coeli
1130 568 1259 617 parte
1302 556 1383 601 ho-

93 623 256 681 mines,
290 628 513 689 praeclara
551 629 778 674 virtutum
803 627 1019 686 omniurn
1056 627 1256 690 imagine
1281 629 1382 675 col-

93 696 268 746 lucent.

160 860 235 892 10.
274 848 445 894 Sumus
470 860 626 894 tamen
650 847 821 910 pariter
843 847 1022 910 ubique
1042 847 1266 901 homines,
1294 863 1378 909 pa·

88 917 204 965 ritur
228 922 405 984 ubique
431 923 675 978 nascimur,
698 922 921 977 vivimus,‚
944 937 989 968 et
1015 922 1257 978 morimur,
1276 935 1378 969 tan-

87 1005 231 1056 taque
257 1011 336 1040 nos
362 995 494 1041 simul
530 996 574 1042 in
618 996 782 1042 animis
821 996 1074 1042 affec'hmm
1120 995 1376 1043 fimilitudo

86 1069 347 1130 compellit,
369 1083 421 1115 ut
435 1070 593 1116 iildem
611 1087 774 1117 omnes
791 1072 1035 1127 virtutum,
1055 1070 1373 1133 vitiorumque

87 1142 366 1190 rudimentis
419 1146 652 1207 compafti
697 1145 925 1201 homines,
983 1158 1213 1209 perpetuo
1264 1162 1378 1192 cum

85 1218 356 1264 hominibus
393 1220 662 1266 collineent.
734 1220 925 1283 Neque,
973 1237 1078 1283 quae
1123 1221 1168 1266 in
1206 1222 1374 1268 barba-

85 1308 157 1338 ras
205 1304 368 1353 gentes
416 1294 705 1350 excursiones
753 1294 970 1349 citantur,
1026 1295 1375 1343 remotissimam

84 1365 220 1421 hanc,
239 1382 380 1430 quam
408 1366 486 1412 fi'oi
511 1367 643 1412 multi
664 1367 869 1424 sumunt,
887 1367 1170 1428 populorum
1185 1368 1373 1415 diverfi-

83 1453 244 1496 tatem,
288 1454 390 1487 tuto
414 1440 517 1487 satis
556 1441 820 1504 argumenti
846 1458 1015 1503 genere
1040 1442 1372 1492 demonstrant.

84 1512 200 1559 Plus
242 1513 415 1559 etenim
449 1529 610 1559 eorum
644 1527 806 1568 terras,
849 1529 992 1575 quam
1020 1516 1200 1560 animos
1224 1514 1374 1561 adivi-

83 1601 206 1645 mm,
243 1600 289 1633 et
311 1603 418 1650 quae
442 1588 667 1633 virtutum
695 1585 1014 1649 vitiorumque
1034 1586 1245 1634 mensura
1270 1588 1372 1636 nos-

82 1672 152 1706 tra
177 1658 254 1716 est,
294 1676 398 1706 eam
423 1661 479 1706 ad
514 1660 714 1722 reliquas
757 1659 924 1722 pariter
959 1661 1171 1707 nationes
1209 1675 1373 1709 exten-

81 1732 206 1788 dere,
242 1748 336 1778 non
362 1733 446 1789 dii,
472 1749 562 1779 non
586 1733 799 1779 homines
817 1730 895 1795 jus
923 1733 1058 1779 nobis
1086 1733 1369 1782 tribuerunt.

81 1809 278 1856 Ferrum
324 1809 534 1871 quidem,
582 1808 710 1871 quod
749 1807 923 1854 ferrum
963 1808 1035 1866 fit,
1074 1825 1165 1854 non
1208 1810 1370 1866 homo,

82 1881 340 1945 plurimum
359 1880 510 1942 <juxta
542 1881 745 1942 regionis
768 1881 1038 1927 varietatem
1065 1883 1368 1943 compatitur,

81 1967 129 2002 et
169 1966 405 2000 mutatur:
450 1952 525 1999 sed
562 1954 734 1999 mirum
769 1967 997 2015 quantum
1022 1969 1047 1999 a
1069 1951 1188 1999 ferro
1226 1954 1371 2002 homo

82 2028 234 2083 distet,
271 2039 322 2071 ut
350 2025 527 2088 plantas
558 2041 603 2072 et
640 2026 773 2072 bruta
797 2026 936 2072 etiam
962 2042 1071 2072 cum
1099 2025 1368 2075 hominibus

83 2101 373 2150 conferentes
399 2100 588 2147 difficile
614 2100 666 2146 sit
690 2117 836 2147 errore
862 2117 1029 2147 carere.
1053 2103 1168 2149 Hoc
1194 2104 1369 2150 etenim

79 2176 136 2223 ad
176 2173 455 2221 miraculum
506 2172 684 2218 homini
720 2173 904 2218 Natura
945 2173 1128 2228 tribuit,
1171 2187 1222 2220 ut
1257 2190 1367 2222 cum

79 2247 321 2295 voluntate
347 2258 392 2292 et
410 2244 567 2292 animo
588 2245 624 2291 is
643 2245 1017 2293 mutabiiiffimus
1037 2245 1220 2293 futurus
1240 2249 1366 2305 effet,

80 2326 520 2362 caeterorumtamen
533 2312 950 2375 omnium,quibus
963 2314 1061 2359 vita
1073 2313 1365 2370 vivitur,mi-

79 2388 264 2436 nimum
297 2385 426 2432 fieret
451 2401 644 2448 corpore
669 2386 925 2442 mutabilis,
959 2401 1011 2432 ut
1031 2387 1367 2450 vegetabilium

81 2460 276 2525 quidem
313 2470 359 2504 et
384 2457 656 2506 animalium
683 2458 1031 2521 magnitudines
1072 2473 1119 2508 et
1147 2459 1318 2508 formas
1341 2454 1397 2509 a·

79 2532 299 2596 regionis,
323 2547 466 2594 quam
507 2544 738 2595 occupant
768 2533 889 2589 loeo,
927 2533 1156 2596 sumpsisse
1182 2536 1369 2584 Natura
1395 2529 1409 2533 -

76 2607 306 2663 videatur,
328 2621 474 2669 eaque
491 2621 585 2652 non
605 2604 734 2662 item,
751 2623 858 2670 quae
879 2608 934 2654 ad
960 2622 1200 2656 externam
1219 2608 1367 2656 inter-

79 2695 284 2744 namque
301 2676 500 2726 hominis
521 2675 749 2725 fabricam
772 2678 1072 2742 pertinerent.
1118 2682 1366 2752 Qantum

49 2761 54 2764 ⁴
1190 2757 1365 2796 etenim
