1871 3211
467 310 528 346 22
695 296 810 344 DE
863 295 1045 346 VIT.
1103 295 1486 344 PERIOD.

538 438 558 477 r
567 447 612 494 3.
639 428 963 494 Qamobrem
976 446 1082 476 cum
1099 444 1125 474 a
1139 427 1606 490 peraetaDigestione
1625 439 1747 479 nova

466 504 546 550 fiat
570 503 780 550 universo
815 504 996 566 corpori
1021 501 1190 549 virium
1233 503 1442 557 acceffi0‚
1486 503 1621 548 aucto
1661 516 1744 547 ex-

467 577 575 624 inde
599 577 909 625 circulationis
942 577 1117 640 vigore,
1158 591 1431 624 caeterorum
1455 592 1643 640 quoque
1667 593 1743 623 or-

465 668 695 714 ganorum
748 652 948 699 aftiones
986 652 1236 699 univerfim
1284 651 1412 708 cieri,
1459 664 1505 698 et
1553 651 1745 715 expedi-

467 724 559 771 tius
598 726 686 773 suis
732 741 930 788 quaeque
970 724 1103 787 fungi
1139 724 1424 780 muneribus,
1461 723 1747 770 notiffirnum

465 799 545 845 est.
617 802 776 865 Qare
802 813 988 847 caeteras
1008 799 1132 851 Vitae
1151 798 1412 847 funfflones
1437 815 1545 846 cum
1577 798 1746 844 storna-

466 874 540 920 chi
557 874 830 937 Digestione
850 874 1115 930 consentire,
1142 874 1487 938 plurimamque
1504 873 1550 919 in
1567 871 1746 918 anima-

465 949 585 995 lium
616 951 714 996 vita
737 951 1011 1013 dignitatern
1029 949 1305 1000 Ventriculo
1337 948 1480 996 tribui
1515 962 1746 1012 oportere,

464 1021 642 1069 dixerat
656 1021 853 1086 jamque
873 1035 979 1069 ante
1005 1022 1119 1068 alios
1143 1023 1208 1069 D.
1236 1022 1374 1068 Plato
1397 1023 1444 1067 in
1470 1020 1677 1068 Timaeo.

536 1183 611 1227 14.
650 1167 885 1215 Ditiffima
907 1166 1117 1229 profecffo
1142 1166 1463 1212 morbosarum
1501 1164 1748 1213 consuetu-

464 1239 628 1286 dinum
661 1240 796 1301 origo
821 1240 944 1286 statis
979 1257 1004 1286 a
1030 1238 1305 1301 Digestione
1329 1238 1454 1285 horis
1491 1238 1747 1295 invalescit,

467 1313 596 1358 nullo
641 1311 955 1357 remediorum
1001 1326 1168 1374 genere
1213 1309 1332 1373 saepe
1378 1310 1606 1367 sanabilis,
1666 1311 1749 1360 nisi

467 1385 654 1439 cuncra,
686 1384 839 1447 quoad
863 1384 1011 1430 vidrus
1037 1383 1252 1438 modum,
1286 1382 1538 1438 delecium,
1565 1379 1611 1430 e't
1628 1396 1749 1431 tern-

468 1475 572 1520 pus,
621 1457 945 1503 immutemur.
1014 1456 1257 1516 Ejusmodi
1304 1455 1454 1504 fuerat
1511 1456 1750 1520 fingularis

465 1530 683 1593 quaedarn
735 1530 999 1578 nobilissimi
1035 1529 1338 1576 adolescentis
1379 1529 1627 1592 aegritudo,
1665 1531 1749 1595 qui·

462 1605 625 1668 paullo
647 1605 745 1668 post
769 1607 826 1652 ab
850 1606 1078 1669 affumpto
1104 1606 1229 1661 cibo,
1269 1604 1532 1660 convulsus,
1576 1605 1622 1652 in
1664 1619 1746 1657 an÷

462 1678 634 1724 xietate
663 1677 943 1741 jafi-abatur.
1031 1679 1211 1725 Morbo
1248 1678 1514 1740 complures
1545 1677 1746 1741 jamque

467 1769 612 1800 annos
637 1753 929 1815 perdurante2
965 1752 1149 1815 egregie
1174 1753 1355 1805 sanatus
1377 1753 1457 1809 est,
1503 1753 1750 1813 immutata.

468 1826 515 1872 in
539 1827 772 1889 integrum
796 1826 947 1873 viduis
972 1827 1321 1895 consuetudine.

536 1987 611 2036 15.
662 1971 742 2019 Est
784 1971 922 2018 etiam
959 1972 1240 2036 Digestionis
1282 1984 1468 2035 tempus
1504 1983 1748 2024 acutorum

464 2047 740 2093 morborum
762 2045 1076 2100 invasionibus
1102 2058 1441 2109 opportunum.
1513 2045 1747 2097 Observae

464 2132 567 2166 tum
593 2120 656 2167 est
692 2119 836 2177 enim,
874 2119 1108 2182 graviores
1151 2121 1208 2167 ab
1259 2132 1451 2171 externo
1489 2135 1589 2166 aere
1623 2117 1746 2181 inju-

461 2192 551 2250 rias
595 2208 746 2239 vacuo
790 2192 1014 2254 similiter,
1071 2193 1369 2256 multumque
1415 2193 1609 2255 oppleto
1655 2192 1745 2239 sto-

464 2267 650 2323 macho,
668 2266 894 2326 incidere,
913 2279 1013 2314 tum
1029 2267 1372 2330 pomeridianas
1390 2267 1541 2323 horas,
1566 2267 1745 2315 cathar-

464 2340 634 2385 ralium
674 2340 943 2392 affe&uum,
981 2356 1206 2403 magnam
1232 2353 1429 2402 partem,
1471 2340 1603 2388 initio
1637 2341 1746 2404 esse,

464 2427 750 2476 quamquam
775 2413 877 2459 aliae
908 2413 1043 2477 simul
1068 2414 1268 2460 rationes
1293 2413 1339 2462 in
1382 2413 1584 2477 idipsum
1627 2411 1744 2460 con-'

455 2483 641 2548 jurent:
679 2485 736 2532 de
760 2485 930 2548 quibus
955 2485 1088 2532 infra.

537 2633 610 2678 16.
639 2632 778 2678 Certe
802 2647 826 2678 a
851 2633 959 2680 cibo
986 2648 1155 2696 corpus
1177 2634 1326 2697 magis
1357 2633 1654 2698 perspirabile
1673 2633 1745 2699 fit,¹

464 2720 517 2754 ut
557 2706 696 2761 etiam
756 2707 1059 2770 absorbtionis
1121 2708 1236 2756 ratio
1281 2710 1440 2772 augeri
1490 2709 1704 2757 videatur
1730 2703 1745 2753 ε’

1603 2795 1745 2845 quare

1844 3076 1869 3211 “fils-F&
1851 2982 1871 3066 'bi-‘'‘ss
1856 2967 1863 2971 ²
1848 2595 1871 2958 Μγω
1861 2435 1871 2584 ivn—...-
1868 2415 1871 2425 c
