1871 3211
403 185 1110 237 SANORUM.
1337 200 1394 248 31

109 324 266 395 quoad
290 321 425 380 vixit,
467 319 644 368 menses
669 319 900 385 prodiere,
940 317 1033 366 five
1056 315 1213 364 albida
1247 319 1404 380 potius

111 414 165 448 ex
224 408 357 443 utero
420 409 750 458 purgamenta.
823 394 1057 440 Praeterea
1113 389 1239 445 aliae,
1287 407 1404 453 quas

106 473 206 522 vidi
230 471 605 534 haemorrhagico
636 471 816 526 habitu,
844 485 1021 533 perque
1056 466 1290 515 mensium
1326 467 1401 512 in-

105 546 302 597 tervalla
365 547 549 595 uterino
610 543 842 609 sanguinis
897 541 1131 607 profluvio
1184 541 1405 588 laboran-

101 634 194 677 tes,
242 619 401 667 debito
446 632 601 667 tamen
646 631 856 682 ternpore
897 615 1078 665 menses
1125 614 1264 677 paffae
1307 614 1413 661 sunt

111 692 390 740 imminutos
418 690 553 755 saepe,
600 689 719 755 saepe
744 691 888 738 etiam
924 706 1034 738 non.
1103 688 1219 736 Vidi
1243 700 1290 735 et
1312 687 1412 735 hae-

112 764 410 829 mophtoicas
437 762 708 827 sanguinem
742 762 927 827 jugiter
968 774 1256 819 excreantes,
1303 763 1414 826 qui-

112 838 208 887 bus
245 853 367 884 vena
404 835 609 884 succeffu
658 836 796 884 nimis
844 853 968 884 vano
1001 835 1186 900 pertusa
1217 834 1299 892 est,
1347 835 1415 882 se-

113 913 293 962 veriore
317 912 460 961 etiam
487 911 665 960 indicto
688 912 800 960 vitae
819 912 1065 977 regimine,
1102 925 1236 959 utero
1255 924 1415 958 tamen

116 989 370 1051 regulatim
391 1000 615 1051 purgatas
636 1005 649 1035 :
688 988 802 1034 item
826 1001 872 1035 et
888 987 1198 1044 tabescentes,
1223 1000 1271 1034 et
1296 986 1416 1034 sero-

121 1061 169 1108 sa
215 1061 420 1109 colluvie
456 1060 810 1108 marcescentes.
847 1099 852 1105 .
900 1061 1012 1108 Scio
1053 1060 1276 1123 equidem
1323 1076 1418 1106 non

118 1127 248 1176 aiiud
291 1127 442 1191 magis
482 1126 600 1189 saepe
646 1127 900 1174 renascenti
937 1127 1165 1191 plethorae
1190 1125 1420 1183 conferre,

117 1217 266 1265 ,quam
292 1202 475 1246 crebras
494 1215 627 1245 venae
652 1199 896 1259 sectiones,
939 1214 991 1246 ut
1015 1216 1110 1246 non
1134 1200 1212 1246 alii
1237 1200 1423 1262 potiore

113 1273 224 1338 jure
247 1271 498 1338 plethorici
524 1272 715 1336 dicendi
741 1272 847 1329 sint,
890 1286 1031 1336 atque
1069 1273 1119 1328 ii,
1158 1274 1329 1336 quibus
1353 1274 1426 1321 in-

123 1347 363 1412 auspicato
387 1345 503 1409 saepe
527 1341 649 1392 vena
679 1346 992 1408 pertunditur.
1043 1346 1190 1412 Qod
1215 1346 1426 1394 similiter

128 1422 189 1470 ad
236 1418 599 1482 haeinorrhagias
655 1419 857 1483 pertinet
882 1437 894 1466 :
953 1419 1046 1467 five
1099 1419 1229 1484 quod
1270 1421 1431 1468 crebra

127 1494 357 1557 sanguinis
383 1491 698 1541 intercedente
718 1493 1039 1549 evacuatione,
1066 1491 1269 1558 jamque
1293 1496 1427 1544 vaso-

123 1587 233 1618 rum
257 1584 465 1618 extrema
500 1567 844 1632 elanguescant,
890 1582 1232 1633 proptereaque
1269 1569 1431 1617 immi-

119 1659 243 1703 nuta
265 1643 485 1691 vasorum
509 1641 567 1690 ad
609 1643 753 1690 fluida
786 1643 1112 1706 proportione,
1161 1644 1432 1691 innumera-

122 1719 304 1770 bilibus
324 1733 486 1767 eorum
512 1717 686 1765 ostiolis
707 1718 979 1778 obcaecatis,
1005 1719 1135 1782 quod
1159 1718 1364 1766 maxime
1384 1721 1431 1766 in

122 1794 367 1862 ‘senectute
419 1793 485 1848 fit,
526 1790 722 1855 jamque
767 1791 968 1855 majores
1009 1792 1162 1840 trunci
1202 1806 1435 1855 perpetuo

136 1879 389 1929 turgeant:
429 1866 523 1912 five
547 1867 679 1929 quod
706 1866 1044 1930 atmospherica
1075 1867 1311 1929 absorptio
1345 1884 1435 1931 pro

138 1940 358 1986 vasorum
378 1939 613 1985 vacuitate
629 1938 878 1986 increscat:
905 1940 1033 2003 quod
1051 1937 1163 1984 alibi
1181 1938 1437 1987 dicendum

141 2015 221 2062 est.
238 2013 555 2061 Vehementer
569 2027 727 2060 tamen
739 2012 1223 2061 dubitaverosubitam
1237 2011 1438 2077 ejusmo-

142 2087 190 2134 di
208 2085 449 2150 sanguinis
473 2087 832 2148 reparationem,
860 2086 957 2133 fere
987 2085 1218 2133 foenerato
1243 2087 1295 2133 iis
1314 2087 1440 2137 fimi-

144 2154 250 2201 liter
269 2152 578 2217 supervenire,
615 2169 730 2216 quas
755 2153 924 2215 longus
942 2153 1095 2218 morbi
1116 2167 1298 2200 marcor
1312 2154 1442 2218 jam-

146 2243 238 2294 que
263 2227 519 2274 enervavit.
585 2228 819 2274 Praeterea
842 2227 971 2291 larga
994 2241 1130 2274 venae
1153 2226 1307 2284 sectio,
1355 2230 1439 2278 ad-

147 2302 277 2350 sueto
308 2300 536 2347 mensium
560 2301 707 2347 modo
729 2299 974 2363 copiosior,
1017 2299 1237 2363 postridie
1261 2302 1442 2350 reditu-

151 2369 213 2416 ris
236 2368 505 2415 catameniis
526 2366 902 2430 nonnumquam,
923 2367 1053 2413 nullo
1071 2367 1251 2430 prorsus
1271 2367 1334 2414 est
1352 2370 1444 2417 im-

143 2441 457 2506 pedimento:
523 2457 687 2488 eorum
730 2453 889 2487 tamen
932 2453 1145 2504 tempora
1190 2440 1449 2506 aliquando

126 2529 321 2591 ‚niutan
357 2531 503 2586 eaque
528 2516 603 2564 vel
623 2514 824 2567 retardat
844 2515 917 2565 vel
939 2515 1180 2565 accelerat.

1176 2676 1223 2723 7.
1264 2663 1448 2724 Qam-
