1871 3211
459 231 570 292 -174
701 198 818 274 DE
884 208 1070 274 vtf‘r.
1139 196 1525 271 P'ERl'oss.

471 359 590 418 dari,
627 376 778 425 neque
795 358 896 406 satis
922 355 1180 421 sanguineis
1198 355 1244 404 in
1271 356 1522 404 Pubertate
1547 354 1754 418 eruptio*

472 436 608 483 nibus
633 435 785 481 adhuc
828 434 934 489 effe,
980 431 1166 480 dubito,
1236 430 1411 477 Praeter
1445 430 1570 476 enim
1597 445 1757 491 quam,

471 509 601 574 quod
647 509 728 556 vix
771 507 983 554 absoluta
1023 506 1140 552 adeo
1187 503 1550 552 Pubescentium
1597 503 1758 566 capitis

470 581 784 630 conformatio
809 580 876 637 fit,
902 593 954 626 ut
979 596 1072 626 non
1097 578 1144 625 in
1181 577 1260 624 illo
1286 576 1464 640 aliquid
1490 576 1655 630 adhuc,
1681 573 1758 622 vel

472 656 595 703 circa
615 655 732 702 illud
751 652 1032 700 succrescere
1047 664 1203 716 queat,
1225 650 1502 713 capillorum
1521 651 1757 713 exemplo,¹
1788 668 1801 671 ·
1859 647 1861 649 ’

469 729 836 793 grandiorisque,
875 742 920 774 et
959 725 1242 774 rotundioris
1267 724 1443 781 formae,
1470 741 1613 788 quam
1639 725 1758 788 saepe

470 803 723 850 Pubertate
743 803 901 848 exaeta
926 815 1067 861 caput
1092 799 1260 853 induit,
1283 799 1361 846 vix
1379 797 1589 862 profecto
1619 798 1760 845 etiam

469 874 722 923 illiusmodi
758 873 990 919 malorum
1034 869 1265 933 sanguinis
1310 869 1497 931 copiam
1531 871 1757 927 incusare,¹
1828 918 1835 925 ,

469 946 730 996 observatio
754 946 854 992 sinit
873 968 886 999 3
914 959 1081 1006 nempe
1097 942 1244 1006 quod,
1261 942 1418 988 crebra
1440 940 1599 1004 usque,
1618 941 1760 1008 per-id

469 1035 657 1084 tempus
682 1034 812 1065 venae
838 1016 990 1072 sectio,
1030 1016 1109 1062 vix
1144 1028 1299 1062 tamen
1342 1013 1579 1077 epistasem
1621 1010 1760 1071 sanat,
1815 1033 1821 1039 ·
1867 1030 1871 1051 τ

471 1110 654 1153 contra,
681 1110 784 1140 eam
804 1091 1055 1155 aliquando
1073 1088 1308 1152 exasperat
1330 1106 1341 1135 :
1383 1087 1643 1152 cujusmodi
1669 1089 1759 1135 du·

469 1173 573 1220 bios
599 1167 848 1217 curationis
873 1179 1065 1212 eventus
1106 1164 1195 1210 alio
1236 1163 1586 1210 nominavimus
1616 1162 1755 1210 ioco·

473 1248 634 1310 Qare
676 1243 788 1307 quid
828 1240 1017 1304 propius
1055 1237 1280 1301 ejusmodi
1321 1237 1378 1283 ad
1415 1253 1468 1282 ea
1507 1237 1611 1283 loca
1634 1237 1762 1283 Vitae*

471 1321 676 1381 impetus
724 1314 944 1371 concitet,
1000 1310 1159 1376 paucis
1217 1311 1343 1375 quod
1398 1309 1632 1366 existim05
1667 1304 1759 1358 dis-

473 1394 633 1441 seram.

542 1554 620 1589 20.
659 1537 771 1583 Duo
797 1532 1001 1579 maxime
1026 1529 1123 1593 ejus
1147 1529 1297 1578 aetatis
1313 1529 1432 1588 sunt,
1450 1528 1758 1585 Pulmonum,

472 1627 521 1660 et
550 1608 749 1658 thoracis
787 1606 1047 1668 ampliatio,
1091 1617 1137 1649 et
1161 1605 1341 1666 integra
1363 1601 1592 1648 seminalis
1631 1599 1758 1663 prin-

475 1685 589 1749 cipii
623 1684 667 1729 in
695 1694 895 1742 utroque
930 1679 1035 1725 sexu
1074 1675 1318 1733 confectio,
1356 1675 1517 1722 debita
1553 1674 1760 1737 partium

473 1760 533 1806 ad
581 1756 626 1802 id
674 1751 1022 1818 pertinentium,
1084 1748 1454 1796 conformatione
1500 1751 1759 1794 eveniente.

473 1830 590 1880 Dixi
617 1830 875 1889 integram:
920 1838 1033 1885 puto
1075 1823 1200 1868 enim
1237 1821 1415 1884 aliquid
1451 1833 1678 1883 perpetuo
1712 1820 1760 1866 in

473 1907 658 1952 summa
689 1899 829 1963 usque
856 1896 1065 1950 infantia,
1108 1894 1212 1942 sexu
1237 1895 1473 1958 utrimque
1498 1893 1670 1956 promi,
1707 1907 1761 1940 ut

474 1991 720 2043 propterea
741 1970 958 2021 seminale
980 1969 1358 2028 incitamentum,
1381 1984 1462 2014 nec
1485 1966 1600 2030 ipsos
1620 1967 1765 2030 plane·

452 2048 642 2118 'pueros
667 2048 889 2096 defficiat.
961 2047 1121 2108 Qare
1160 2059 1237 2089 eos
1274 2043 1354 2089 vix
1395 2041 1643 2104 septimum
1677 2057 1761 2088 an-

478 2143 594 2174 num
612 2121 849 2186 ingressos,
868 2117 1078 2181 proxime
1096 2116 1417 2179 hirquitallire,
1436 2113 1562 2178 quod
1581 2126 1761 2161 veteres

475 2201 651 2263 signata
670 2211 787 2243 voce
804 2193 1029 2246 dixerant,
1048 2202 1213 2236 notum
1233 2188 1296 2234 est
1315 2209 1326 2237 z
1366 2188 1495 2252 quod
1519 2187 1757 2235 Rachitici

475 2287 757 2339 praematura
792 2267 909 2331 saepe
935 2265 1180 2312 vitiositate
1204 2263 1396 2311 faciunt.
1450 2265 1759 2327 Qamquam

476 2347 684 2412 poffibile
708 2344 788 2399 est,
814 2359 892 2389 eos
918 2340 1072 2387 veneri
1094 2338 1283 2396 inhiare,
1309 2339 1436 2386 nulla
1458 2354 1514 2384 ex
1542 2337 1761 2386 testiculis

476 2422 729 2471 secretione
754 2419 810 2465 ad
833 2417 881 2465 id
906 2414 1171 2463 conferente
1193 2434 1204 2462 :
1239 2415 1367 2478 quod
1396 2414 1440 2460 in
1467 2412 1664 2459 castratis
1689 2413 1760 2468 fit,-

478 2493 823 2557 intemperanti‚
864 2504 909 2540 et
944 2489 1235 2538 lasciviffimo
1280 2490 1528 2536 hominum
1569 2502 1754 2550 genere.

481 2571 591 2618 Sive
616 2567 787 2614 etenim
814 2582 854 2611 sa
895 2564 1160 2612 castratione
1185 2562 1343 2619 etiam,
1381 2560 1614 2624 superstite
1639 2571 1762 2606 certa

479 2644 699 2693 vasorum
722 2643 897 2688 circum
923 2640 1191 2688 virilitatem
1215 2636 1530 2704 dispositione,-
1561 2649 1607 2683 et
1629 2635 1754 2690 loc0,

1669 2705 1763 2753 sive
