1871 3211
481 297 578 332 202
713 281 824 331 DE
869 281 1054 330 VIT.
1114 282 1500 333 PERIOD.

479 413 693 474 efficitur,
712 414 990 474 mobilitate,
1019 415 1100 463 ista
1119 416 1277 466 senfim
1297 417 1552 483 senfimque
1573 433 1765 484 propter

477 502 664 558 aetatevm
694 488 1018 548 intercidente,
1044 491 1205 540 Vitam
1247 493 1547 541 consimiliter
1572 495 1761 543 interci-

476 564 585 612 dere
610 565 787 612 neceffe
812 564 895 613 est.
961 567 1032 615 Ea
1051 582 1180 624 vero,
1216 583 1298 614 cur
1318 566 1579 625 intercidat,
1603 569 1768 618 caussae

476 638 558 696 est,
599 638 705 702 plus
734 652 961 702 perpetuo
988 640 1267 690 confertiore
1303 655 1558 702 terrearum
1599 642 1768 690 molle·

477 713 690 762 cularum
736 714 795 760 ad
840 714 1048 760 invicem
1092 717 1342 762 acceffione
1388 714 1579 762 solidata
1632 715 1766 772 fibra,

474 801 667 852 propter
687 786 942 834 fluidorum
961 787 1215 843 defectum,
1237 806 1345 851 quae
1364 790 1538 836 Solidis
1561 789 1767 853 interpo-

476 860 523 907 ni
549 858 828 922 impoffibile
857 858 939 915 est,
964 872 1150 920 propter
1169 859 1409 906 innumera
1429 861 1534 907 vasa
1552 862 1765 913 vasorum

482 932 580 978 sero
604 931 900 979 venientibus
925 932 1170 979 Virilitatis
1197 933 1324 979 annis
1350 933 1611 980 obcoecata.
1672 936 1770 984 Ex*

476 1005 588 1052 inde
613 1002 878 1051 insanabilis
917 1019 971 1053 ea
1009 1004 1162 1056 morbi
1199 1004 1392 1069 species,
1431 1021 1574 1070 quam
1600 1008 1770 1056 Senec-

476 1089 574 1127 tam
601 1076 825 1127 dicimus*
1224 1073 1226 1076 ⁵
1452 1072 1458 1076 i

542 1242 627 1289 45.
665 1226 941 1291 Cujusmodi
982 1229 1259 1287 cauffarum,
1305 1242 1352 1277 et
1376 1229 1630 1278 effectuum
1656 1247 1772 1280 con2

477 1299 698 1359 sensione,
738 1302 929 1364 fignatae
956 1303 1106 1350 senilis
1131 1305 1318 1352 habitus
1361 1305 1660 1368 aegritudines
1697 1305 1771 1355 vi-,

478 1388 723 1437 gorantur,
767 1392 921 1440 neque
952 1378 1076 1424 unde
1111 1379 1321 1441 primum
1360 1369 1601 1445 incipiant,
1644 1379 1772 1426 dictu

477 1446 540 1494 est
575 1445 727 1494 facile.
798 1449 973 1496 Vitalis
1012 1466 1216 1514 namque
1257 1449 1511 1499 fluidorum
1550 1452 1770 1510 circulus,

476 1519 728 1584 rigescente
764 1521 897 1578 fibra,
940 1522 1150 1586 languet,
1182 1541 1333 1589 eoque
1370 1526 1475 1590 plus
1517 1526 1647 1582 fibra,
1688 1542 1772 1572 eo-

477 1611 582 1642 rum
608 1593 751 1642 fracsto
792 1596 991 1659 impetu,
1031 1609 1077 1643 et
1114 1598 1366 1662 languente
1404 1598 1605 1663 rigescit.
1677 1599 1772 1654 Sed

476 1681 602 1714 certe
641 1668 851 1717 densiora
890 1669 1126 1733 perpetim
1169 1675 1437 1721 arteriarum
1482 1673 1641 1726 latera,
1688 1671 1767 1731 Vix

477 1743 684 1790 multum
705 1743 925 1807 ampliu8‚
947 1744 1220 1806 sanguinem
1239 1747 1422 1794 duriore
1443 1745 1595 1799 corde,
1627 1762 1770 1808 prop-

478 1830 699 1879 tereaque
737 1818 892 1863 minus
948 1817 1161 1866 irritabili
1204 1818 1522 1882 compulsum,
1562 1815 1768 1878 juvant5

476 1890 597 1937 inter
609 1906 716 1953 quae
731 1890 929 1937 laxiores
955 1906 1103 1948 venae,
1122 1891 1249 1955 quod
1265 1891 1495 1954 sanguinis
1512 1889 1769 1953 plurimum

479 1966 526 2012 in
568 1966 612 2012 se
651 1966 869 2022 habeant,
913 1965 1019 2028 plus
1055 1967 1204 2014 adhuc
1231 1965 1590 2014 circulationem
1635 1981 1770 2012 ener-

452 2031 605 2087 ”vann
678 2042 799 2089 Exin
849 2031 1070 2088 tardiores
1114 2042 1287 2087 Senum
1330 2040 1505 2103 pulsus.
1577 2039 1770 2087 Cerebri

478 2131 669 2178 quoque
695 2113 958 2170 substantia,
1005 2130 1108 2161 aevo
1133 2113 1343 2160 fimiliter
1368 2112 1660 2175 conspiffata,
1687 2128 1769 2159 eo·

478 2204 569 2250 que
594 2188 906 2251 ponderosior,
941 2188 1071 2251 quod
1114 2187 1160 2234 in
1186 2187 1413 2234 consimili
1439 2184 1681 2240 infantilis,
1719 2198 1766 2232 et

479 2261 634 2309 senilis
670 2263 845 2310 cerebri
874 2262 1120 2309 volumine
1158 2261 1493 2319 manifestatur,
1534 2260 1626 2306 suae
1659 2259 1768 2322 plu-

479 2332 644 2380 rimam
687 2335 920 2396 potestatis
979 2348 1158 2398 partem
1201 2334 1392 2381 amittit.
1479 2335 1638 2396 Qare
1678 2347 1772 2380 non

479 2408 706 2453 memoria
731 2408 900 2466 solum,
938 2424 1047 2472 quae
1086 2409 1238 2472 prima
1277 2406 1609 2470 ingravescenti
1641 2405 1768 2452 aetati

481 2481 713 2537 concedit,
756 2481 829 2528 sed
872 2482 1026 2528 caeteri
1065 2496 1256 2546 quoque
1297 2481 1551 2528 hebescunt
1594 2477 1772 2527 externi

480 2551 738 2616 internique
778 2555 946 2611 sensus,
992 2556 1298 2617 membraque
1349 2552 1559 2600 universa
1604 2564 1769 2615 torpor

479 2626 637 2689 habet,
675 2629 1077 2693 praemorientibus
1117 2629 1277 2679 senfim
1322 2628 1437 2686 visu,
1480 2626 1658 2681 auditu,
1692 2624 1764 2672 ol-

1615 2698 1763 2758 fastu,
