1871 3211
443 291 1136 342 CAUSSIS'.
1344 310 1433 359 ¹33

141 428 304 476 tiffime
329 440 494 473 cavere
520 426 697 474 necesse
722 426 784 473 est
805 444 815 473 :
849 437 1080 490 quantum
1098 430 1272 473 etenim
1300 431 1433 476 alter-

138 516 243 550 utro
268 514 449 549 tantum
472 500 610 548 oculo
635 497 847 558 doleant,
876 501 1066 549 admiffa
1091 500 1232 548 etiam
1260 501 1304 547 in
1328 503 1432 550 sano

141 587 217 622 tan
227 590 346 634 turn,
372 576 484 623 luce*
502 589 793 639 torquentur.

204 729 282 778 53.
322 717 414 763 Sed
438 728 606 779 praeter
629 715 831 779 opdcos,
883 716 996 762 alios
1042 714 1250 762 similiter
1271 731 1434 762 nervos

135 788 254 836 lucis
304 789 594 837 irritamento
618 791 791 846 vexari,
833 790 1054 836 monstrat
1096 791 1433 836 nonnullorum

135 861 412 910 sternutatio
432 879 457 909 a
476 862 581 908 luce
607 862 653 908 in
678 864 857 908 narium
895 878 1066 909 cavum
1093 862 1271 927 illapsa.

205 1023 285 1069 54.
323 1006 434 1054 Post
453 1023 561 1070 quae
591 1007 805 1064 totidem,
833 1008 1046 1055 luminofi
1075 1010 1301 1074 Principii
1323 1028 1436 1074 erga

136 1079 318 1136 Vitam,
362 1079 609 1126 aftivitatis
654 1082 870 1143 exempla
904 1082 1052 1144 liquet
1095 1098 1183 1127 non
1211 1083 1437 1129 inutiliter

135 1152 195 1199 de
242 1153 444 1201 Medico
492 1153 573 1198 usu
617 1154 877 1217 Phosphori
922 1155 1096 1201 multos
1146 1156 1435 1218 cogitavisse,

137 1242 293 1290 neque
336 1226 519 1288 injuria,
559 1243 687 1282 eum,
729 1228 856 1289 quod
883 1245 1009 1274 mera
1044 1229 1187 1291 quasi,
1232 1229 1350 1275 lucis
1393 1243 1438 1275 et

136 1298 288 1362 igneae
328 1298 536 1346 materiei
578 1300 786 1346 densatio
835 1301 904 1355 s1t,
948 1301 1066 1347 lucis
1125 1302 1259 1348 instar
1300 1319 1437 1365 agere

136 1372 281 1436 poffe,
331 1388 424 1418 non
468 1373 707 1418 neminem
756 1373 964 1419 tenuifl'e.
1042 1374 1318 1436 Cujusmodi
1357 1376 1438 1423 etfi

140 1461 336 1492 numero
380 1446 646 1503 commetae,
689 1445 968 1492 industribus
1018 1459 1173 1494 tamen
1223 1448 1269 1493 in
1321 1451 1439 1497 Arte

136 1519 253 1565 viris
286 1517 501 1581 spefiatae
523 1519 882 1576 observatione5‚
918 1536 1027 1566 eum
1053 1522 1097 1566 in
1125 1520 1305 1568 morbis
1330 1538 1440 1569 cum

138 1591 330 1639 nervosa
355 1591 611 1648 debilitate,
639 1607 685 1639 et
709 1592 924 1639 asthaenia
948 1592 1229 1656 conjunffis,
1274 1594 1438 1658 impri-

136 1666 317 1730 misque
335 1669 373 1691 ²⁴
415 1683 440 1712 a
479 1683 629 1730 pravo
679 1667 926 1730 regimine,
977 1682 1023 1714 et
1063 1669 1216 1715 insano
1256 1670 1441 1716 veneris

138 1741 284 1788 abusu
302 1741 639 1804 pendentibus,
677 1758 768 1788 non
793 1742 1077 1805 postremam
1103 1743 1280 1791 misens
1295 1759 1437 1808 opem

138 1815 289 1861 tuliffe
314 1814 595 1877 significant.
668 1816 880 1862 Vitalem
920 1833 1122 1880 namque
1159 1830 1328 1864 tonum
1369 1818 1442 1865 in-

139 1887 338 1934 staurare
379 1889 567 1942 dicitur,
621 1887 808 1935 criticos
847 1890 1031 1935 sudores
1069 1906 1280 1945 movere,
1306 1905 1443 1952 mag·

142 1975 348 2022 namque
371 1973 554 2022 partem
574 1975 684 2006 cum
706 1960 802 2022 opii
830 1962 1081 2023 prudenter
1106 1962 1324 2024 assumpti
1343 1962 1442 2009 vir-

143 2032 323 2105 tutibus
368 2033 643 2092 consentire,
705 2049 756 2081 ut
815 2035 1029 2092 refectus‚
1089 2050 1135 2084 et
1183 2036 1444 2100 compofita

142 2118 300 2153 mente
332 2122 455 2169 aeger
491 2123 663 2154 novam
690 2110 943 2171 quamdam
976 2111 1085 2156 vitae
1124 2110 1440 2173 voluptatem,

144 2183 275 2247 quod
301 2183 359 2230 de
400 2182 510 2245 opio
554 2181 717 2241 fertur,
755 2183 939 2246 sumpto
960 2184 1223 2246 phosphoro
1250 2185 1442 2232 induere

142 2257 373 2303 videatur.
446 2257 676 2303 Praeterea
701 2257 1145 2320 Hypochondriacis
1166 2259 1340 2306 auxilio
1357 2257 1438 2315 est,

148 2332 282 2378 flatus
306 2331 532 2394 siquidem
558 2344 773 2395 potenter
806 2332 1018 2396 expellit,
1066 2333 1196 2397 quod
1223 2336 1270 2381 in
1296 2333 1341 2381 se
1366 2333 1438 2397 ip-

195 2535 239 2557 24
265 2529 384 2568 Conf.
400 2530 449 2567 A.
471 2529 620 2577 Vasta-i,
653 2541 688 2569 et
707 2532 746 2582 J.
767 2532 822 2571 G.
848 2533 1065 2571 Mentz'De
1083 2532 1238 2585 Phosph.
1258 2537 1323 2573 loc.
1339 2533 1442 2570 Med.

140 2594 300 2644 afficmpt.
343 2593 441 2629 Virt.
462 2591 563 2629 ,Ued-
593 2592 690 2629 Item
705 2593 835 2644 Vogel
853 2593 954 2631 Bibl.
970 2593 1070 2630 Med.
1100 2603 1137 2631 et
1172 2593 1319 2632 Crantz
1341 2594 1443 2632 Mat.

141 2653 244 2690 Med.
274 2650 474 2701 Nuperius
494 2650 678 2690 industres
698 2651 737 2690 in
758 2652 839 2702 ejus
859 2654 965 2693 usum
985 2653 1262 2694 observationes
1282 2650 1449 2693 contulit

143 2703 194 2744 A.
211 2703 245 2742 le
258 2703 361 2756 Roy,
392 2703 506 2744 Paris.
537 2705 598 2743 M.
620 2705 669 2743 D.

714 2767 821 2830 143
1401 2766 1449 2813 10
