1871 3211
477 291 545 340 94
710 277 830 326 DE
885 277 1522 327 VIT.PER10D.

467 408 596 457 verso
617 411 736 467 orbi,
755 424 809 458 ut
825 423 1007 475 putant,
1027 408 1316 474 profuturam
1335 411 1574 476 evulgan't.
1595 411 1757 476 Qare

468 497 554 529 nec
575 483 746 530 lautior
763 485 1028 547 opiatorum
1047 483 1166 538 usuS,
1189 484 1272 547 qui
1294 483 1606 546 Sydhenamio
1624 499 1754 530 corn·-

467 555 659 618 placuit,
693 573 844 620 neque
869 558 1090 620 largiores
1128 558 1451 605 Emeticorum
1469 557 1614 614 doses,
1648 556 1755 622 qui-

468 629 556 676 bus
597 632 912 679 Boerhaavius
953 633 1185 688 utebatur,
1223 650 1307 680 nec
1356 645 1520 679 caetera
1552 632 1756 695 denique

467 719 576 766 quae
595 705 923 752 nonnullarum
948 706 1215 753 Nationum
1240 707 1344 754 sunt
1360 706 1562 770 propria,
1581 705 1759 752 utiliter

465 775 645 839 ubique
686 791 984 833 renovantur,
1032 779 1294 842 multosque
1318 779 1385 825 sui
1409 780 1547 841 plane
1583 777 1756 825 confilii

464 850 739 911 poenituisse
767 851 985 909 vidimus,
1035 854 1161 916 quod
1188 855 1414 899 advenam
1441 852 1756 907 Medicinam,

467 921 697 984 indigenae
722 922 1059 971 substituissent.
1121 928 1427 989 Quamquam
1463 926 1567 971 sunt
1591 938 1636 970 et
1655 940 1755 970 me-

465 994 733 1041 dicamenta
758 995 865 1053 alia,
891 1012 1093 1058 quorum
1120 1014 1311 1060 compar
1341 997 1517 1059 ubique
1542 998 1756 1042 locorum

465 1065 657 1113 effeetus
700 1068 777 1123 est,
816 1069 1052 1114 notiffimo
1086 1070 1338 1116 Peruviani
1367 1069 1555 1116 corticis
1597 1084 1770 1122 exem--⁴

463 1140 574 1202 plo:
627 1141 981 1205 videndumque
1023 1143 1087 1188 est
1138 1143 1320 1206 insuper
1365 1142 1565 1198 fortasse,
1608 1158 1665 1190 ne
1707 1142 1756 1188 in

465 1212 646 1261 summa
672 1215 850 1279 ubique
875 1229 1190 1262 extremorum
1212 1216 1450 1271 affinitate,
1475 1232 1615 1278 quam
1641 1213 1756 1262 alibi

463 1288 523 1333 de
565 1289 831 1336 Mulierum
871 1289 1126 1345 mensibus,
1159 1291 1356 1336 Naturae
1397 1291 1753 1351 congruentiam

463 1364 851 1422 memoravimus,
887 1365 1038 1410 multa
1084 1363 1291 1411 slmiliter
1330 1362 1426 1427 ejus
1474 1363 1655 1426 generis
1698 1363 1758 1410 ad

464 1437 686 1483 medendi
713 1439 943 1483 rationem
963 1436 1238 1500 pertineant.
1289 1437 1444 1494 Certe,
1470 1438 1596 1500 quod
1619 1435 1756 1499 hujus

463 1508 557 1555 fere
603 1511 697 1557 loci
743 1511 823 1567 est,
863 1511 1088 1575 opposita:
1128 1512 1269 1558 etiam
1310 1511 1556 1558 hominum
1595 1524 1755 1559 aetates

464 1583 662 1631 infantia
685 1584 906 1633 videlicet
931 1599 976 1632 et
1017 1585 1220 1631 senecstus
1249 1584 1455 1647 plurimo
1479 1585 1753 1632 morborum

467 1665 584 1712 inter
610 1665 652 1711 se
678 1667 967 1730 analogismo
996 1665 1273 1728 junguntur,
1311 1667 1555 1729 multaque
1602 1665 1752 1712 confi-

461 1739 594 1787 milia
619 1740 665 1787 in
700 1742 921 1789 medendi
964 1741 1144 1788 ratione
1174 1741 1433 1804 postulant:
1475 1741 1604 1805 quod
1641 1740 1750 1788 alibi

462 1830 489 1860 a
512 1815 649 1861 nobis
673 1815 928 1862 dicendum
950 1816 1033 1862 est.

532 1978 607 2027 15.
650 1963 759 2011 Post
782 1981 888 2027 quae
911 1965 990 2011 vix
1030 1979 1152 2013 certe
1192 1963 1223 2010 ii
1261 1962 1481 2010 audiendi
1513 1962 1630 2021 sunt,
1669 1964 1752 2029 qui

462 2041 592 2103 quod
630 2040 1048 2102 praestantissimum
1085 2042 1131 2087 in
1158 2039 1623 2103 Septemtrionalibus
1649 2041 1752 2087 Na·-

460 2126 613 2159 turam
638 2113 726 2158 effe
749 2125 929 2176 putent,
958 2129 1062 2160 eam
1087 2127 1336 2177 propterea
1354 2113 1400 2159 in
1420 2113 1751 2161 Meridialibus

460 2186 624 2233 mundi
650 2187 799 2250 plagis
821 2187 1144 2250 elanguescere
1168 2186 1446 2234 existimant.
1470 2187 1597 2250 Ergo
1621 2187 1749 2251 quod

458 2263 662 2325 Elephas
701 2277 748 2310 et
789 2263 1099 2320 RhinocerOS,
1146 2263 1368 2311 immensa
1408 2262 1486 2308 illa
1534 2256 1750 2310 animatae

459 2335 667 2381 materiei
705 2337 937 2400 prodigia,
986 2337 1116 2393 item,
1152 2350 1199 2383 et
1243 2334 1500 2382 vastiffimis
1545 2338 1749 2382 circum·

456 2407 574 2454 fulta
596 2410 751 2468 ramis,
785 2410 1108 2474 ingentiffimae
1143 2409 1281 2456 molis
1322 2408 1569 2455 adansonia
1589 2409 1748 2457 Arbos

457 2481 553 2529 fere
595 2482 967 2530 calidiffimarum
1005 2484 1249 2547 regionum
1296 2482 1398 2539 lint,
1441 2482 1595 2530 mirari
1632 2499 1744 2545 pro-

460 2554 581 2602 fecto
607 2554 770 2612 subest,
793 2574 874 2604 cur
898 2575 1006 2622 quae
1025 2558 1069 2604 in
1090 2557 1333 2604 brutorum
1349 2572 1394 2604 et
1408 2556 1745 2621 vegetabilium

460 2644 563 2680 ortu
587 2631 822 2688 ditissima,
860 2646 906 2682 et
930 2633 1023 2682 fere
1048 2632 1275 2683 luxuriosa
1297 2649 1451 2682 rerum
1474 2633 1664 2688 Parem,
1689 2646 1744 2679 ea

1508 2706 1739 2770 imprimis
