1871 3211
413 187 1099 239 SANORUM.
1338 201 1401 254 29

182 343 230 387 4.
270 328 445 389 Neque
467 324 525 371 ab
552 320 923 370 menstruationis
959 319 1062 382 lege
1082 317 1201 363 ullas
1228 317 1408 379 prorsus

113 400 350 457 foeminas,
399 398 731 462 cujuscumque
770 396 855 442 sint
891 394 1058 456 gentiS,
1081 393 1266 439 Natura
1310 395 1408 438 exi-

115 475 232 523 mit:
261 491 412 538 neque
439 473 667 520 credibile
693 471 755 516 est
780 466 1112 516 Groenlandiae
1146 464 1409 527 indigenas,

117 551 351 597 contracta
397 550 527 612 prole
573 548 788 611 gentes⁷‚
845 544 900 590 iis
943 540 1193 589 universim
1237 555 1408 588 carere.

115 622 193 670 Sic
220 625 473 688 Laponum
503 622 736 677 foeminas,
763 621 821 666 tle
845 617 1016 682 quibus
1041 615 1281 662 confimile
1310 631 1412 661 rne-

114 689 279 737 moriae
317 693 555 754 proditum
596 688 758 742 fuerat,
809 687 853 732 in
886 684 1070 731 eaidem
1118 699 1227 729 cum
1274 694 1413 729 caete-

113 762 175 810 ris
202 764 597 828 quibulcumquc,
639 763 856 827 periodos
890 756 1144 805 consentire
1177 750 1407 805 Linnaeus

115 837 334 884 monuit⁸
339 873 353 895 ‚
391 854 436 886 et
477 840 776 902 nuperiorum
818 834 959 882 etiam
1001 832 1118 877 inter
1143 824 1425 894 Samojedas‘

114 911 350 960 viatorum
376 915 673 975 *excursiones
713 925 888 958 certam
922 907 1022 970 ejus
1062 905 1155 954 loci
1191 905 1414 954 foemina-

114 1001 223 1032 rum
247 987 658 1037 menstruationem
683 999 879 1050 ponunt.

190 1132 235 1181 5.
273 1120 439 1166 Fertur
462 1132 617 1166 tamen
643 1117 833 1181 propria
854 1114 1073 1180 quaedam
1098 1113 1313 1176 gentium
1341 1113 1415 1160 in-

118 1190 277 1238 stituta
302 1193 490 1240 Menses
515 1206 748 1237 avertere:
787 1207 883 1252 qua
901 1189 1079 1236 ratione
1104 1186 1274 1233 scimus
1299 1189 1417 1234 Bra-

119 1263 368 1312 filienfium
402 1263 622 1313 foeminas
637 1266 674 1320 ⁹,
714 1263 963 1324 pubertate
1004 1259 1297 1317 adventante,
1333 1275 1417 1322 per

112 1424 336 1477 porrigitur,
380 1424 448 1463 vix
478 1435 566 1463 ante
601 1421 792 1461 decimum
828 1430 1019 1467 octavum,
1046 1431 1108 1456 eas
1134 1415 1304 1469 primum
1323 1430 1425 1456 men·

112 1481 166 1520 ses
187 1484 469 1534 corripuerunt.

169 1544 184 1567 ⁷
214 1541 462 1581 Contra&am
481 1540 652 1579 fimiliter
679 1541 884 1592 Laponurn
915 1539 1064 1590 prolem
1096 1537 1144 1575 ad
1170 1540 1297 1575 murz'ae
1326 1534 1428 1575 inter

113 1613 176 1638 eas
195 1611 328 1651 gentes
348 1611 583 1654 contemptum,
606 1613 733 1638 rarum
752 1613 887 1651 nempe
912 1597 1046 1636 marini
1058 1596 1142 1635 salis
1155 1595 1278 1643 usum,
1299 1597 1428 1646 proxi-

113 1673 174 1699 me
193 1660 325 1698 1etulin
343 1661 540 1708 Linnaeus,
570 1662 673 1698 Flor.
693 1661 834 1712 Lapon.
891 1657 1006 1696 Certe
1023 1654 1214 1694 maritima
1232 1654 1318 1692 loca
1349 1655 1431 1693 fere

115 1719 163 1758 iis
185 1721 429 1771 populofiora
447 1722 517 1759 effe
536 1720 667 1767 solent,
697 1735 785 1772 quae
799 1719 937 1771 procul
961 1716 1056 1756 mari
1075 1717 1227 1754 absunt.
1284 1713 1430 1751 Viden-

114 1780 207 1818 dum
239 1790 365 1819 tamen
408 1796 455 1819 ne
493 1780 588 1832 quid
630 1780 736 1818 aliud
765 1791 904 1831 praeter
934 1777 1136 1815 lautiorem
1172 1774 1307 1812 marini
1343 1769 1430 1811 salis

118 1840 244 1885 usum,
275 1839 316 1876 in
339 1840 635 1877 numeroslmem
655 1841 755 1877 hanc
776 1839 1057 1877 maritimorum
1079 1838 1255 1876 locorum
1284 1835 1434 1885 prolem

117 1898 302 1936 conferat.
356 1899 464 1936 Vero
495 1899 596 1936 enim
634 1898 868 1936 fimillimuin
897 1898 958 1943 est,
988 1910 1033 1934 ea
1073 1895 1237 1934 maxime
1274 1892 1432 1939 ratione,

117 1958 338 1997 hominibus
359 1958 549 1996 maritima
578 1959 664 1999 loca
688 1960 893 2006 abundare,
927 1959 1033 2010 quod
1051 1957 1104 1995 ibi
1124 1957 1238 1995 etiam
1256 1953 1429 1993 homines

117 2019 230 2057 facile
257 2018 486 2069 parabiliore
518 2020 632 2057 censu
665 2018 810 2065 vivant,
843 2029 879 2056 et
903 2018 1168 2056 sustententur.
1222 2012 1433 2066 Vegetabi-

119 2079 217 2116 lium
236 2078 433 2130 siquidem,
460 2087 497 2115 et
527 2077 728 2115 hominum
755 2078 832 2115 fere
866 2075 1069 2114 confimilis
1100 2075 1152 2113 est
1181 2073 1290 2121 ratio,
1327 2072 1434 2125 quod

120 2137 234 2176 facile
254 2138 421 2175 fruetum
442 2137 588 2175 ferente
606 2138 697 2184 solo,
727 2136 780 2174 ibi
799 2136 1009 2188 plurimum
1040 2135 1217 2180 crescant,
1245 2143 1282 2171 et
1314 2133 1433 2170 abun-

121 2199 227 2235 dent.
283 2195 506 2233 Lautiorem
524 2196 636 2233 etiam
651 2195 814 2246 piscium
834 2197 944 2234 usum
964 2193 1105 2232 sobolis
1128 2191 1433 2244 procreationem

122 2256 336 2302 intendere,
374 2255 485 2293 multi
512 2269 601 2294 cuin
627 2254 917 2308 Montesquivio
936 2254 1135 2305 judicant:
1172 2252 1278 2304 quod
1306 2261 1433 2289 tamen

124 2314 272 2353 incerta
292 2313 435 2351 ratione
456 2313 614 2352 constat.

178 2374 193 2397 ⁸
222 2374 404 2412 Naturam
422 2387 519 2425 aeque
536 2373 592 2411 hic
609 2388 652 2410 ac
678 2373 768 2410 alibi
785 2373 858 2422 fibi
874 2373 1023 2422 similem
1052 2372 1125 2420 ‘ff’
1143 2371 1380 2422 foeminqsque
1398 2372 1435 2406 in

118 2435 295 2486 ,Laponia
312 2448 355 2470 αι’
368 2433 456 2470 alibi
473 2433 601 2484 legibus
619 2433 883 2482 menstrualibus
900 2433 1057 2470 obhedire
1071 2432 1202 2468 nullum
1213 2431 1355 2468 dubium
1374 2429 1434 2478 cst,

126 2497 204 2532 licet
223 2493 280 2530 hae
308 2496 441 2530 cruoris
468 2497 630 2532 minorem
638 2494 804 2545 fundant
834 2496 968 2545 copiam
998 2492 1263 2542 innocentg'fflmi.
1317 2487 1435 2527 Linn.

129 2556 229 2594 Flor.
249 2555 388 2606 Lapon.
410 2563 450 2606 p.
472 2566 562 2605 324.

183 2618 201 2642 ⁹
228 2615 347 2667 Lery.
367 2619 405 2653 in
421 2616 508 2652 Itin.
528 2615 666 2664 Brastl.

188 2685 190 2688 ·
1255 2665 1429 2712 femora
