1871 3211
430 300 521 365 156
655 299 769 348 DE
835 297 1471 353 v1T.PER10D.

495 449 574 494 31.
611 435 678 480 At
717 433 795 480 ista
820 433 1011 497 quidem
1042 434 1289 499 plusquam
1331 437 1389 483 ad
1423 434 1701 483 menstruam

427 507 678 554 humorum
699 508 963 570 congeriem
989 521 1035 554 et
1073 509 1422 566 abundantiam,
1464 510 1519 556 ad
1543 525 1703 555 eorum

426 580 660 629 raritatem
685 582 931 644 pertinent,
951 594 1286 646 proptereaque
1304 600 1395 630 non
1414 582 1706 629 humeralem

428 667 475 700 et
499 653 756 702 absolutam
782 655 1043 717 plethoram
1068 655 1325 712 includunt,
1353 656 1429 702 sed
1445 655 1541 719 ejus
1561 670 1704 716 gene-

427 725 490 772 ris
510 740 705 783 tantum,
724 743 866 790 quam
885 728 1076 774 Notham
1094 727 1277 775 Medici
1292 742 1477 776 vocant.
1515 728 1707 789 Nempe

428 799 560 860 quod
597 800 758 844 eadem
797 812 1011 844 manente
1048 799 1297 845 fluidorum
1331 801 1608 864 quantitate,
1650 815 1706 846 ea

428 884 587 919 tamen
632 871 914 924 rarescendO,
956 872 1210 918 indebitam
1236 874 1579 934 plenitudinem
1611 875 1707 921 effi-

429 945 538 1001 ciat,
559 957 611 990 ut
630 944 814 1007 proprie
841 943 923 998 nil,
943 944 1021 989 nisi
1044 944 1231 1007 igneum
1255 947 1538 1008 principium
1557 948 1708 994 abun-

429 1018 526 1072 det,
560 1016 691 1079 cujus
732 1017 859 1062 nulla
893 1016 1043 1062 adhuc
1081 1019 1392 1080 ponderositas
1431 1019 1711 1065 accuratissi-

430 1091 518 1137 mis
566 1090 613 1135 in
663 1107 767 1137 eam
798 1091 1133 1138 tentaminibus
1175 1106 1353 1156 reperta
1392 1092 1469 1139 est.
1536 1095 1712 1155 Neque

430 1164 556 1211 enim
598 1164 882 1210 menstruum
930 1163 1045 1210 illud
1090 1165 1305 1227 ponderis
1349 1166 1709 1220 incrementum,

432 1239 558 1302 quod
602 1240 862 1286 Sanetorius
887 1239 1055 1295 voluit,
1091 1253 1370 1304 perpetuum
1395 1240 1588 1288 fortaffis
1629 1240 1709 1295 est,

434 1328 519 1358 nec
567 1313 804 1360 menstruis
862 1311 1180 1368 foeminarum,
1227 1314 1527 1377 virorumque
1567 1312 1712 1359 etiam

433 1388 765 1435 nonnullorum
781 1387 1113 1450 eruptionibus,
1134 1388 1283 1451 ipsum
1300 1406 1381 1451 per
1396 1389 1439 1435 se
1459 1388 1561 1434 satis
1577 1404 1710 1434 com-

433 1473 646 1523 paratum
671 1461 761 1509 est:
802 1462 929 1525 quod
955 1460 1057 1508 satis
1082 1462 1231 1524 prima
1264 1461 1401 1526 hujus
1436 1462 1539 1510 libri
1580 1473 1711 1525 parte

435 1536 631 1598 egimus.
1348 1524 1357 1533 ’

503 1700 581 1745 32.
636 1684 765 1746 Ergo
812 1700 837 1728 a
877 1684 1046 1731 lautius
1092 1687 1325 1748 resumpto
1366 1686 1412 1731 in
1464 1685 1710 1732 hominum

436 1774 632 1821 corpora
656 1757 791 1813 lucis,
813 1758 904 1803 five
922 1758 1042 1820 ignis
1060 1759 1305 1821 principio,
1327 1758 1582 1805 menstruus
1604 1758 1711 1821 qui-

434 1832 545 1877 dam
584 1831 1019 1877 inflammabilitatis
1044 1833 1261 1888 exceffus,
1304 1849 1360 1878 ex
1385 1848 1534 1894 eoque
1576 1847 1710 1877 men-

435 1907 552 1952 sium
588 1905 832 1969 profluvia,
874 1906 1221 1970 multorumque
1268 1907 1406 1953 etiam
1443 1907 1714 1953 morborum

435 1978 668 2041 principia
707 1991 752 2024 et
777 1979 920 2024 fines:
965 1982 1193 2043 Lunaque
1219 1993 1460 2042 propterea
1488 1979 1712 2043 ejusmodi

433 2053 648 2117 periodos
670 2053 910 2115 fignificat,
944 2055 1071 2117 quod
1092 2056 1247 2101 lunare
1272 2055 1387 2101 istud
1412 2055 1529 2118 ignis
1550 2055 1595 2101 in
1611 2072 1712 2102 aere

438 2127 809 2174 additamentum
830 2139 952 2172 certa
976 2128 1149 2174 lunaris
1171 2127 1333 2174 circuli
1367 2128 1577 2174 mensura
1601 2144 1713 2174 con-

436 2199 535 2247 stet.
607 2200 746 2247 Certe
771 2199 853 2246 sub
877 2201 1129 2262 prodituris
1151 2218 1259 2247 mox
1283 2201 1435 2264 postea
1460 2201 1709 2257 menfibus,

438 2273 543 2334 plus
567 2271 777 2320 foeminae
798 2273 1096 2329 incalescunt,
1135 2275 1262 2337 quod
1286 2274 1533 2337 multiplex
1556 2274 1712 2321 obser-

441 2346 639 2392 vationis
664 2363 810 2408 genus
826 2346 1035 2393 ostendit.
1085 2349 1209 2410 Qae
1227 2360 1382 2393 tamen
1410 2364 1548 2393 merae
1572 2346 1711 2393 dubi-

439 2417 625 2465 tationis
642 2418 748 2465 loco
767 2419 1078 2482 interposuisse
1096 2420 1195 2466 satis
1216 2421 1294 2467 fit:
1322 2437 1471 2484 neque
1491 2420 1554 2466 est
1571 2437 1711 2482 prop-

441 2503 564 2536 terea
585 2493 977 2551 praetereundum,
1020 2492 1133 2555 quid
1172 2492 1364 2539 demum
1389 2490 1710 2539 consuetudini

442 2563 549 2609 dare
564 2574 792 2623 oporteat,
812 2565 1055 2627 postquam
1074 2565 1243 2612 iteratis
1257 2564 1454 2630 jamque
1486 2564 1712 2611 menfium

441 2635 663 2699 periodis,
689 2637 941 2683 catamenia
964 2638 1189 2686 fluxerint.

1485 2729 1564 2778 33.
1604 2713 1707 2760 Nec

1857 350 1866 367 ν-
1858 338 1869 344 :
1867 327 1871 334 .„
1851 271 1871 323 52:3⁴
1833 0 1871 267 (ngffl
1851 154 1853 159 “

1843 3060 1871 3211 ’alm-‚2525
