<?xml version="1.0" encoding="UTF-8"?>
<!DOCTYPE html PUBLIC "-//W3C//DTD XHTML 1.0 Transitional//EN"
    "http://www.w3.org/TR/xhtml1/DTD/xhtml1-transitional.dtd">
<html xmlns="http://www.w3.org/1999/xhtml" xml:lang="en" lang="en">
 <head>
  <title>
</title>
<meta http-equiv="Content-Type" content="text/html;charset=utf-8" />
  <meta name='ocr-system' content='tesseract 3.04.00' />
  <meta name='ocr-capabilities' content='ocr_page ocr_carea ocr_par ocr_line ocrx_word'/>
</head>
<body>
  <div class='ocr_page' id='page_1' title='image "./devitalibusperio02testuoft_0032.png"; bbox 0 0 1871 3211; ppageno 0'>
   <div class='ocr_carea' id='block_1_1' title="bbox 497 243 1562 306">
    <p class='ocr_par' dir='ltr' id='par_1_1' title="bbox 497 243 1562 306">
     <span class='ocr_line' id='line_1_1' title="bbox 497 243 1562 306; baseline -0.01 -1"><span class='ocrx_word' id='word_1_1' title='bbox 497 259 556 306; x_wconf 80' lang='lat'>18</span> <span class='ocrx_word' id='word_1_2' title='bbox 726 251 843 304; x_wconf 87' lang='lat' dir='ltr'>DE</span> <span class='ocrx_word' id='word_1_3' title='bbox 910 245 1095 301; x_wconf 86' lang='lat' dir='ltr'>VIT.</span> <span class='ocrx_word' id='word_1_4' title='bbox 1165 243 1562 298; x_wconf 85' lang='lat' dir='ltr'><strong>PERIOD.</strong></span> 
     </span>
    </p>
   </div>
   <div class='ocr_carea' id='block_1_2' title="bbox 442 377 1794 1330">
    <p class='ocr_par' dir='ltr' id='par_1_2' title="bbox 442 377 1794 1330">
     <span class='ocr_line' id='line_1_2' title="bbox 499 377 1783 451; baseline -0.01 -15"><span class='ocrx_word' id='word_1_5' title='bbox 499 388 593 436; x_wconf 86' lang='lat' dir='ltr'>rit:</span> <span class='ocrx_word' id='word_1_6' title='bbox 640 401 738 451; x_wconf 86' lang='lat' dir='ltr'>quo</span> <span class='ocrx_word' id='word_1_7' title='bbox 761 385 902 434; x_wconf 86' lang='lat' dir='ltr'>semel</span> <span class='ocrx_word' id='word_1_8' title='bbox 925 384 1098 433; x_wconf 84' lang='lat' dir='ltr'><strong>etenim</strong></span> <span class='ocrx_word' id='word_1_9' title='bbox 1124 382 1172 431; x_wconf 89' lang='lat' dir='ltr'>in</span> <span class='ocrx_word' id='word_1_10' title='bbox 1208 382 1393 445; x_wconf 81' lang='lat' dir='ltr'>integra</span> <span class='ocrx_word' id='word_1_11' title='bbox 1431 380 1529 428; x_wconf 79' lang='lat' dir='ltr'>vita</span> <span class='ocrx_word' id='word_1_12' title='bbox 1564 377 1672 426; x_wconf 84' lang='lat' dir='ltr'>trini</span> <span class='ocrx_word' id='word_1_13' title='bbox 1697 378 1783 425; x_wconf 81' lang='lat' dir='ltr'>hu·</span> 
     </span>
     <span class='ocr_line' id='line_1_3' title="bbox 489 452 1785 527; baseline -0.008 -17"><span class='ocrx_word' id='word_1_14' title='bbox 489 459 570 527; x_wconf 82' lang='lat' dir='ltr'>jus</span> <span class='ocrx_word' id='word_1_15' title='bbox 614 461 835 508; x_wconf 79' lang='lat' dir='ltr'>circuitus</span> <span class='ocrx_word' id='word_1_16' title='bbox 879 460 1042 523; x_wconf 86' lang='lat' dir='ltr'>regula</span> <span class='ocrx_word' id='word_1_17' title='bbox 1077 456 1269 513; x_wconf 84' lang='lat' dir='ltr'>constat,</span> <span class='ocrx_word' id='word_1_18' title='bbox 1315 455 1512 519; x_wconf 88' lang='lat' dir='ltr'>jamque</span> <span class='ocrx_word' id='word_1_19' title='bbox 1554 454 1695 500; x_wconf 88' lang='lat' dir='ltr'>etiam</span> <span class='ocrx_word' id='word_1_20' title='bbox 1737 452 1785 500; x_wconf 89' lang='lat' dir='ltr'>in</span> 
     </span>
     <span class='ocr_line' id='line_1_4' title="bbox 496 527 1786 597; baseline -0.009 -13"><span class='ocrx_word' id='word_1_21' title='bbox 496 535 693 592; x_wconf 86' lang='lat' dir='ltr'>morbis,</span> <span class='ocrx_word' id='word_1_22' title='bbox 734 550 989 597; x_wconf 88' lang='lat' dir='ltr'>eorumque</span> <span class='ocrx_word' id='word_1_23' title='bbox 1014 530 1328 586; x_wconf 85' lang='lat' dir='ltr'>incrementis,</span> <span class='ocrx_word' id='word_1_24' title='bbox 1349 545 1430 576; x_wconf 89' lang='lat' dir='ltr'>cur</span> <span class='ocrx_word' id='word_1_25' title='bbox 1449 527 1656 575; x_wconf 87' lang='lat' dir='ltr'>tertianae</span> <span class='ocrx_word' id='word_1_26' title='bbox 1681 543 1786 574; x_wconf 90' lang='lat' dir='ltr'>mo-</span> 
     </span>
     <span class='ocr_line' id='line_1_5' title="bbox 442 603 1786 673; baseline -0.009 -13"><span class='ocrx_word' id='word_1_27' title='bbox 442 646 446 651; x_wconf 85' lang='lat'>·</span> <span class='ocrx_word' id='word_1_28' title='bbox 501 611 652 660; x_wconf 88' lang='lat' dir='ltr'>tiones</span> <span class='ocrx_word' id='word_1_29' title='bbox 673 610 790 673; x_wconf 82' lang='lat' dir='ltr'>saepe</span> <span class='ocrx_word' id='word_1_30' title='bbox 815 608 1035 664; x_wconf 82' lang='lat' dir='ltr'>incidant,</span> <span class='ocrx_word' id='word_1_31' title='bbox 1062 624 1157 654; x_wconf 90' lang='lat' dir='ltr'>non</span> <span class='ocrx_word' id='word_1_32' title='bbox 1183 603 1505 654; x_wconf 83' lang='lat' dir='ltr'>inverofimilis</span> <span class='ocrx_word' id='word_1_33' title='bbox 1536 603 1654 650; x_wconf 84' lang='lat' dir='ltr'>ratio</span> <span class='ocrx_word' id='word_1_34' title='bbox 1677 603 1786 649; x_wconf 88' lang='lat' dir='ltr'>sub·</span> 
     </span>
     <span class='ocr_line' id='line_1_6' title="bbox 500 676 1787 748; baseline -0.009 -15"><span class='ocrx_word' id='word_1_35' title='bbox 500 685 580 734; x_wconf 89' lang='lat' dir='ltr'>est.</span> <span class='ocrx_word' id='word_1_36' title='bbox 650 684 990 748; x_wconf 83' lang='lat' dir='ltr'>Antiquiffima</span> <span class='ocrx_word' id='word_1_37' title='bbox 1013 681 1220 730; x_wconf 81' lang='lat' dir='ltr'>similiter</span> <span class='ocrx_word' id='word_1_38' title='bbox 1241 679 1403 744; x_wconf 88' lang='lat' dir='ltr'>opinio</span> <span class='ocrx_word' id='word_1_39' title='bbox 1427 677 1505 735; x_wconf 85' lang='lat' dir='ltr'>est,</span> <span class='ocrx_word' id='word_1_40' title='bbox 1542 676 1649 723; x_wconf 88' lang='lat' dir='ltr'>bilis</span> <span class='ocrx_word' id='word_1_41' title='bbox 1681 693 1787 724; x_wconf 88' lang='lat' dir='ltr'>mo-</span> 
     </span>
     <span class='ocr_line' id='line_1_7' title="bbox 501 747 1790 821; baseline -0.009 -16"><span class='ocrx_word' id='word_1_42' title='bbox 501 770 575 806; x_wconf 87' lang='lat' dir='ltr'>tus</span> <span class='ocrx_word' id='word_1_43' title='bbox 595 758 750 805; x_wconf 87' lang='lat' dir='ltr'>triduo</span> <span class='ocrx_word' id='word_1_44' title='bbox 773 755 1037 821; x_wconf 80' lang='lat' dir='ltr'>perdurare,</span> <span class='ocrx_word' id='word_1_45' title='bbox 1085 770 1282 818; x_wconf 84' lang='lat' dir='ltr'>eamque</span> <span class='ocrx_word' id='word_1_46' title='bbox 1323 752 1459 800; x_wconf 87' lang='lat' dir='ltr'>tertio</span> <span class='ocrx_word' id='word_1_47' title='bbox 1483 765 1675 814; x_wconf 91' lang='lat' dir='ltr'>quoque</span> <span class='ocrx_word' id='word_1_48' title='bbox 1713 747 1790 795; x_wconf 88' lang='lat' dir='ltr'>die</span> 
     </span>
     <span class='ocr_line' id='line_1_8' title="bbox 500 821 1790 892; baseline -0.009 -13"><span class='ocrx_word' id='word_1_49' title='bbox 500 832 713 879; x_wconf 86' lang='lat' dir='ltr'>moveri:</span> <span class='ocrx_word' id='word_1_50' title='bbox 760 829 889 892; x_wconf 89' lang='lat' dir='ltr'>quod</span> <span class='ocrx_word' id='word_1_51' title='bbox 924 828 1121 892; x_wconf 89' lang='lat' dir='ltr'>quidem</span> <span class='ocrx_word' id='word_1_52' title='bbox 1164 843 1220 873; x_wconf 83' lang='lat' dir='ltr'>an</span> <span class='ocrx_word' id='word_1_53' title='bbox 1259 842 1354 873; x_wconf 89' lang='lat' dir='ltr'>non</span> <span class='ocrx_word' id='word_1_54' title='bbox 1394 825 1480 872; x_wconf 89' lang='lat' dir='ltr'>rite</span> <span class='ocrx_word' id='word_1_55' title='bbox 1515 821 1790 885; x_wconf 87' lang='lat' dir='ltr'>Antiquitas</span> 
     </span>
     <span class='ocr_line' id='line_1_9' title="bbox 501 894 1789 963; baseline -0.009 -11"><span class='ocrx_word' id='word_1_56' title='bbox 501 904 689 962; x_wconf 84' lang='lat' dir='ltr'>dixerit,</span> <span class='ocrx_word' id='word_1_57' title='bbox 732 900 1126 949; x_wconf 85' lang='lat' dir='ltr'>observationibus</span> <span class='ocrx_word' id='word_1_58' title='bbox 1141 898 1386 963; x_wconf 83' lang='lat' dir='ltr'>plusquam</span> <span class='ocrx_word' id='word_1_59' title='bbox 1412 896 1592 946; x_wconf 81' lang='lat' dir='ltr'>ratione</span> <span class='ocrx_word' id='word_1_60' title='bbox 1612 894 1789 958; x_wconf 85' lang='lat' dir='ltr'>dijudi-</span> 
     </span>
     <span class='ocr_line' id='line_1_10' title="bbox 502 966 1791 1041; baseline -0.008 -15"><span class='ocrx_word' id='word_1_61' title='bbox 502 995 607 1025; x_wconf 88' lang='lat' dir='ltr'>care</span> <span class='ocrx_word' id='word_1_62' title='bbox 625 966 823 1041; x_wconf 68' lang='lat' dir='ltr'>oportet.</span> <span class='ocrx_word' id='word_1_63' title='bbox 894 975 1034 1022; x_wconf 86' lang='lat' dir='ltr'>Certe</span> <span class='ocrx_word' id='word_1_64' title='bbox 1074 975 1289 1020; x_wconf 84' lang='lat' dir='ltr'>nonnulli</span> <span class='ocrx_word' id='word_1_65' title='bbox 1314 973 1457 1021; x_wconf 84' lang='lat' dir='ltr'>nimia</span> <span class='ocrx_word' id='word_1_66' title='bbox 1488 970 1791 1019; x_wconf 85' lang='lat' dir='ltr'>drasticorum</span> 
     </span>
     <span class='ocr_line' id='line_1_11' title="bbox 501 1043 1791 1108; baseline -0.005 -11"><span class='ocrx_word' id='word_1_67' title='bbox 501 1051 552 1097; x_wconf 84' lang='lat' dir='ltr'>vi</span> <span class='ocrx_word' id='word_1_68' title='bbox 577 1049 741 1097; x_wconf 87' lang='lat' dir='ltr'>sublati</span> <span class='ocrx_word' id='word_1_69' title='bbox 769 1048 906 1095; x_wconf 91' lang='lat' dir='ltr'>tertio</span> <span class='ocrx_word' id='word_1_70' title='bbox 938 1047 1012 1094; x_wconf 92' lang='lat' dir='ltr'>die</span> <span class='ocrx_word' id='word_1_71' title='bbox 1052 1046 1227 1093; x_wconf 88' lang='lat' dir='ltr'>mortui</span> <span class='ocrx_word' id='word_1_72' title='bbox 1254 1046 1384 1094; x_wconf 82' lang='lat' dir='ltr'>sunt:</span> <span class='ocrx_word' id='word_1_73' title='bbox 1423 1043 1682 1108; x_wconf 86' lang='lat' dir='ltr'>cujusmodi</span> <span class='ocrx_word' id='word_1_74' title='bbox 1705 1059 1791 1091; x_wconf 87' lang='lat' dir='ltr'>ex-</span> 
     </span>
     <span class='ocr_line' id='line_1_12' title="bbox 501 1115 1788 1184; baseline -0.006 -16"><span class='ocrx_word' id='word_1_75' title='bbox 501 1122 659 1184; x_wconf 79' lang='lat' dir='ltr'>empla</span> <span class='ocrx_word' id='word_1_76' title='bbox 682 1137 738 1168; x_wconf 82' lang='lat' dir='ltr'>ex</span> <span class='ocrx_word' id='word_1_77' title='bbox 762 1120 1058 1182; x_wconf 83' lang='lat' dir='ltr'>Hippocrate</span> <span class='ocrx_word' id='word_1_78' title='bbox 1090 1118 1322 1181; x_wconf 87' lang='lat' dir='ltr'>superiore</span> <span class='ocrx_word' id='word_1_79' title='bbox 1347 1117 1468 1163; x_wconf 89' lang='lat' dir='ltr'>libro</span> <span class='ocrx_word' id='word_1_80' title='bbox 1495 1115 1736 1163; x_wconf 79' lang='lat' dir='ltr'>attulimus</span> <span class='ocrx_word' id='word_1_81' title='bbox 1751 1117 1788 1161; x_wconf 83' lang='lat'>⁸.</span> 
     </span>
     <span class='ocr_line' id='line_1_13' title="bbox 502 1189 1792 1256; baseline -0.005 -16"><span class='ocrx_word' id='word_1_82' title='bbox 502 1194 701 1256; x_wconf 82' lang='lat' dir='ltr'>Legitur</span> <span class='ocrx_word' id='word_1_83' title='bbox 723 1191 865 1238; x_wconf 85' lang='lat' dir='ltr'>etiam</span> <span class='ocrx_word' id='word_1_84' title='bbox 888 1192 946 1237; x_wconf 88' lang='lat' dir='ltr'>de</span> <span class='ocrx_word' id='word_1_85' title='bbox 970 1191 1172 1256; x_wconf 85' lang='lat' dir='ltr'>quadam</span> <span class='ocrx_word' id='word_1_86' title='bbox 1197 1189 1416 1246; x_wconf 86' lang='lat' dir='ltr'>foemina,</span> <span class='ocrx_word' id='word_1_87' title='bbox 1459 1189 1534 1236; x_wconf 90' lang='lat' dir='ltr'>cui</span> <span class='ocrx_word' id='word_1_88' title='bbox 1554 1191 1662 1236; x_wconf 87' lang='lat' dir='ltr'>dato</span> <span class='ocrx_word' id='word_1_89' title='bbox 1678 1204 1792 1252; x_wconf 88' lang='lat' dir='ltr'>pur-</span> 
     </span>
     <span class='ocr_line' id='line_1_14' title="bbox 503 1262 1794 1330; baseline -0.005 -16"><span class='ocrx_word' id='word_1_90' title='bbox 503 1280 645 1330; x_wconf 84' lang='lat' dir='ltr'>gante</span> <span class='ocrx_word' id='word_1_91' title='bbox 668 1265 1033 1319; x_wconf 87' lang='lat' dir='ltr'>medicamento,</span> <span class='ocrx_word' id='word_1_92' title='bbox 1076 1264 1209 1310; x_wconf 78' lang='lat' dir='ltr'>alvus</span> <span class='ocrx_word' id='word_1_93' title='bbox 1241 1278 1504 1325; x_wconf 86' lang='lat' dir='ltr'>numquam</span> <span class='ocrx_word' id='word_1_94' title='bbox 1535 1262 1618 1309; x_wconf 85' lang='lat' dir='ltr'>nifi</span> <span class='ocrx_word' id='word_1_95' title='bbox 1637 1262 1794 1309; x_wconf 89' lang='lat' dir='ltr'>triduo</span> 
     </span>
    </p>
   </div>
   <div class='ocr_carea' id='block_1_3' title="bbox 502 1335 1793 1468">
    <p class='ocr_par' dir='ltr' id='par_1_3' title="bbox 502 1335 1793 1468">
     <span class='ocr_line' id='line_1_15' title="bbox 502 1335 1790 1404; baseline -0.003 -17"><span class='ocrx_word' id='word_1_96' title='bbox 502 1340 607 1404; x_wconf 86' lang='lat' dir='ltr'>post</span> <span class='ocrx_word' id='word_1_97' title='bbox 642 1338 796 1402; x_wconf 83' lang='lat' dir='ltr'>elapso</span> <span class='ocrx_word' id='word_1_98' title='bbox 820 1337 929 1384; x_wconf 82' lang='lat' dir='ltr'>duci</span> <span class='ocrx_word' id='word_1_99' title='bbox 952 1350 1152 1400; x_wconf 85' lang='lat' dir='ltr'>poterat.</span> <span class='ocrx_word' id='word_1_100' title='bbox 1231 1336 1311 1384; x_wconf 88' lang='lat' dir='ltr'>Ad</span> <span class='ocrx_word' id='word_1_101' title='bbox 1335 1352 1444 1399; x_wconf 83' lang='lat' dir='ltr'>quae</span> <span class='ocrx_word' id='word_1_102' title='bbox 1484 1335 1623 1383; x_wconf 85' lang='lat' dir='ltr'>facile</span> <span class='ocrx_word' id='word_1_103' title='bbox 1645 1337 1790 1400; x_wconf 85' lang='lat' dir='ltr'>perti-</span> 
     </span>
     <span class='ocr_line' id='line_1_16' title="bbox 504 1403 1793 1468; baseline -0.003 -15"><span class='ocrx_word' id='word_1_104' title='bbox 504 1419 616 1453; x_wconf 89' lang='lat' dir='ltr'>nent</span> <span class='ocrx_word' id='word_1_105' title='bbox 647 1404 909 1468; x_wconf 87' lang='lat' dir='ltr'>frequentes</span> <span class='ocrx_word' id='word_1_106' title='bbox 940 1403 1212 1452; x_wconf 83' lang='lat' dir='ltr'>morborum</span> <span class='ocrx_word' id='word_1_107' title='bbox 1239 1404 1491 1450; x_wconf 82' lang='lat' dir='ltr'>invasiones</span> <span class='ocrx_word' id='word_1_108' title='bbox 1518 1404 1675 1451; x_wconf 88' lang='lat' dir='ltr'>triduo</span> <span class='ocrx_word' id='word_1_109' title='bbox 1690 1403 1793 1467; x_wconf 84' lang='lat' dir='ltr'>post</span> 
     </span>
    </p>
   </div>
   <div class='ocr_carea' id='block_1_4' title="bbox 506 1475 1793 1689">
    <p class='ocr_par' dir='ltr' id='par_1_4' title="bbox 506 1475 1793 1689">
     <span class='ocr_line' id='line_1_17' title="bbox 506 1475 1792 1540; baseline -0.002 -15"><span class='ocrx_word' id='word_1_110' title='bbox 506 1495 535 1525; x_wconf 83' lang='lat' dir='ltr'>a</span> <span class='ocrx_word' id='word_1_111' title='bbox 573 1478 767 1526; x_wconf 87' lang='lat' dir='ltr'>lautiore</span> <span class='ocrx_word' id='word_1_112' title='bbox 804 1475 987 1524; x_wconf 85' lang='lat' dir='ltr'>mensa:</span> <span class='ocrx_word' id='word_1_113' title='bbox 1036 1475 1310 1540; x_wconf 79' lang='lat' dir='ltr'>cujusmodi,</span> <span class='ocrx_word' id='word_1_114' title='bbox 1357 1477 1420 1523; x_wconf 94' lang='lat' dir='ltr'>ob</span> <span class='ocrx_word' id='word_1_115' title='bbox 1446 1477 1645 1524; x_wconf 87' lang='lat' dir='ltr'>historiae</span> <span class='ocrx_word' id='word_1_116' title='bbox 1669 1477 1792 1523; x_wconf 84' lang='lat' dir='ltr'>cele-</span> 
     </span>
     <span class='ocr_line' id='line_1_18' title="bbox 506 1549 1793 1614; baseline -0.002 -15"><span class='ocrx_word' id='word_1_117' title='bbox 506 1551 725 1599; x_wconf 84' lang='lat' dir='ltr'>britatem</span> <span class='ocrx_word' id='word_1_118' title='bbox 747 1549 1045 1599; x_wconf 85' lang='lat' dir='ltr'>memorabili</span> <span class='ocrx_word' id='word_1_119' title='bbox 1069 1550 1303 1597; x_wconf 66' lang='lat' dir='ltr'>confec&#39;tus</span> <span class='ocrx_word' id='word_1_120' title='bbox 1328 1550 1407 1607; x_wconf 89' lang='lat' dir='ltr'>est,</span> <span class='ocrx_word' id='word_1_121' title='bbox 1433 1551 1513 1596; x_wconf 84' lang='lat' dir='ltr'>vix</span> <span class='ocrx_word' id='word_1_122' title='bbox 1529 1551 1793 1614; x_wconf 78' lang='lat' dir='ltr'>quidquam</span> 
     </span>
     <span class='ocr_line' id='line_1_19' title="bbox 506 1623 1792 1689; baseline -0.002 -17"><span class='ocrx_word' id='word_1_123' title='bbox 506 1625 759 1689; x_wconf 86' lang='lat' dir='ltr'>adjuvante</span> <span class='ocrx_word' id='word_1_124' title='bbox 784 1623 946 1685; x_wconf 81' lang='lat' dir='ltr'>magni</span> <span class='ocrx_word' id='word_1_125' title='bbox 973 1624 1243 1670; x_wconf 78' lang='lat' dir='ltr'>Boerhaav‘ri</span> <span class='ocrx_word' id='word_1_126' title='bbox 1270 1639 1426 1686; x_wconf 83' lang='lat' dir='ltr'>opera,</span> <span class='ocrx_word' id='word_1_127' title='bbox 1463 1624 1522 1671; x_wconf 87' lang='grc' dir='ltr'>Β.</span> <span class='ocrx_word' id='word_1_128' title='bbox 1543 1625 1607 1670; x_wconf 87' lang='lat' dir='ltr'>de</span> <span class='ocrx_word' id='word_1_129' title='bbox 1632 1625 1792 1672; x_wconf 80' lang='lat' dir='ltr'>Vaffe-</span> 
     </span>
    </p>
   </div>
   <div class='ocr_carea' id='block_1_5' title="bbox 505 1696 1792 1820">
    <p class='ocr_par' dir='ltr' id='par_1_5' title="bbox 505 1696 1792 1820">
     <span class='ocr_line' id='line_1_20' title="bbox 505 1696 1792 1760; baseline 0 -15"><span class='ocrx_word' id='word_1_130' title='bbox 505 1713 633 1754; x_wconf 86' lang='lat' dir='ltr'>naer,</span> <span class='ocrx_word' id='word_1_131' title='bbox 669 1696 911 1759; x_wconf 82' lang='lat' dir='ltr'>supremus</span> <span class='ocrx_word' id='word_1_132' title='bbox 951 1696 1152 1744; x_wconf 83' lang='lat' dir='ltr'>Navalis</span> <span class='ocrx_word' id='word_1_133' title='bbox 1194 1697 1386 1745; x_wconf 86' lang='lat' dir='ltr'>Militiae</span> <span class='ocrx_word' id='word_1_134' title='bbox 1427 1697 1553 1760; x_wconf 85' lang='lat' dir='ltr'>apud</span> <span class='ocrx_word' id='word_1_135' title='bbox 1588 1698 1792 1745; x_wconf 79' lang='lat' dir='ltr'>Batavos</span> 
     </span>
     <span class='ocr_line' id='line_1_21' title="bbox 506 1773 641 1820; baseline 0 0"><span class='ocrx_word' id='word_1_136' title='bbox 506 1773 641 1820; x_wconf 80' lang='lat' dir='ltr'>Dux.</span> 
     </span>
    </p>
   </div>
   <div class='ocr_carea' id='block_1_6' title="bbox 507 1914 1795 2421">
    <p class='ocr_par' dir='ltr' id='par_1_6' title="bbox 507 1914 1795 2421">
     <span class='ocr_line' id='line_1_22' title="bbox 574 1914 1792 1981; baseline -0.001 -16"><span class='ocrx_word' id='word_1_137' title='bbox 574 1921 620 1966; x_wconf 80' lang='lat'>8.</span> <span class='ocrx_word' id='word_1_138' title='bbox 660 1919 783 1981; x_wconf 84' lang='lat' dir='ltr'>Qae</span> <span class='ocrx_word' id='word_1_139' title='bbox 805 1927 962 1962; x_wconf 78' lang='lat' dir='ltr'>tamen</span> <span class='ocrx_word' id='word_1_140' title='bbox 987 1915 1153 1963; x_wconf 61' lang='lat' dir='ltr'>cunRa</span> <span class='ocrx_word' id='word_1_141' title='bbox 1172 1914 1467 1963; x_wconf 83' lang='lat' dir='ltr'>incertiffima</span> <span class='ocrx_word' id='word_1_142' title='bbox 1482 1917 1659 1964; x_wconf 82' lang='lat' dir='ltr'>ratione</span> <span class='ocrx_word' id='word_1_143' title='bbox 1678 1932 1792 1964; x_wconf 86' lang='lat' dir='ltr'>con-</span> 
     </span>
     <span class='ocr_line' id='line_1_23' title="bbox 507 1987 1795 2050; baseline 0.003 -16"><span class='ocrx_word' id='word_1_144' title='bbox 507 1988 638 2036; x_wconf 87' lang='lat' dir='ltr'>stant.</span> <span class='ocrx_word' id='word_1_145' title='bbox 678 1991 753 2037; x_wconf 85' lang='lat' dir='ltr'>Ex</span> <span class='ocrx_word' id='word_1_146' title='bbox 792 1988 978 2050; x_wconf 82' lang='lat' dir='ltr'>ingestis</span> <span class='ocrx_word' id='word_1_147' title='bbox 1000 1987 1124 2034; x_wconf 87' lang='lat' dir='ltr'>enim</span> <span class='ocrx_word' id='word_1_148' title='bbox 1141 1990 1364 2036; x_wconf 86' lang='lat' dir='ltr'>nonnulla</span> <span class='ocrx_word' id='word_1_149' title='bbox 1387 1989 1624 2037; x_wconf 84' lang='lat' dir='ltr'>celerrime</span> <span class='ocrx_word' id='word_1_150' title='bbox 1646 1992 1795 2038; x_wconf 72' lang='lat' dir='ltr'>nutri-⁴</span> 
     </span>
     <span class='ocr_line' id='line_1_24' title="bbox 507 2058 1793 2128; baseline 0.003 -20"><span class='ocrx_word' id='word_1_151' title='bbox 507 2076 606 2118; x_wconf 86' lang='lat' dir='ltr'>unt,</span> <span class='ocrx_word' id='word_1_152' title='bbox 645 2079 822 2126; x_wconf 87' lang='lat' dir='ltr'>perque</span> <span class='ocrx_word' id='word_1_153' title='bbox 847 2078 1006 2108; x_wconf 82' lang='lat' dir='ltr'>omnes</span> <span class='ocrx_word' id='word_1_154' title='bbox 1045 2058 1273 2125; x_wconf 71' lang='lat' dir='ltr'>sanguinis</span> <span class='ocrx_word' id='word_1_155' title='bbox 1298 2065 1393 2111; x_wconf 75' lang='lat' dir='ltr'>vias</span> <span class='ocrx_word' id='word_1_156' title='bbox 1433 2063 1643 2111; x_wconf 70' lang='lat' dir='ltr'>ac‘lutum</span> <span class='ocrx_word' id='word_1_157' title='bbox 1684 2082 1793 2128; x_wconf 86' lang='lat' dir='ltr'>per-</span> 
     </span>
     <span class='ocr_line' id='line_1_25' title="bbox 507 2135 1792 2195; baseline 0.001 -12"><span class='ocrx_word' id='word_1_158' title='bbox 507 2150 690 2184; x_wconf 84' lang='lat' dir='ltr'>meant:</span> <span class='ocrx_word' id='word_1_159' title='bbox 729 2137 833 2191; x_wconf 84' lang='lat' dir='ltr'>alia,</span> <span class='ocrx_word' id='word_1_160' title='bbox 861 2152 885 2182; x_wconf 89' lang='lat' dir='ltr'>e</span> <span class='ocrx_word' id='word_1_161' title='bbox 905 2150 1078 2191; x_wconf 80' lang='lat' dir='ltr'>contra,</span> <span class='ocrx_word' id='word_1_162' title='bbox 1096 2135 1221 2182; x_wconf 86' lang='lat' dir='ltr'>lenta</span> <span class='ocrx_word' id='word_1_163' title='bbox 1239 2137 1450 2184; x_wconf 61' lang='lat' dir='ltr'>costione</span> <span class='ocrx_word' id='word_1_164' title='bbox 1465 2137 1792 2195; x_wconf 79' lang='lat' dir='ltr'>immutantur,</span> 
     </span>
     <span class='ocr_line' id='line_1_26' title="bbox 507 2207 1790 2273; baseline 0.001 -16"><span class='ocrx_word' id='word_1_165' title='bbox 507 2227 591 2257; x_wconf 90' lang='lat' dir='ltr'>nec</span> <span class='ocrx_word' id='word_1_166' title='bbox 630 2207 719 2256; x_wconf 53' lang='lat' dir='ltr'>&#39;nisi</span> <span class='ocrx_word' id='word_1_167' title='bbox 767 2211 864 2255; x_wconf 82' lang='lat' dir='ltr'>sero</span> <span class='ocrx_word' id='word_1_168' title='bbox 905 2208 1010 2271; x_wconf 40' lang='lat' dir='ltr'>‘post</span> <span class='ocrx_word' id='word_1_169' title='bbox 1047 2211 1299 2256; x_wconf 77' lang='lat' dir='ltr'>nutriendo</span> <span class='ocrx_word' id='word_1_170' title='bbox 1339 2211 1529 2257; x_wconf 75' lang='lat' dir='ltr'>animali</span> <span class='ocrx_word' id='word_1_171' title='bbox 1567 2211 1790 2273; x_wconf 62' lang='lat' dir='ltr'>prosunt:</span> 
     </span>
     <span class='ocr_line' id='line_1_27' title="bbox 509 2282 1793 2346; baseline 0.001 -16"><span class='ocrx_word' id='word_1_172' title='bbox 509 2300 709 2345; x_wconf 89' lang='lat' dir='ltr'>quorum</span> <span class='ocrx_word' id='word_1_173' title='bbox 734 2299 947 2329; x_wconf 82' lang='lat' dir='ltr'>omnium</span> <span class='ocrx_word' id='word_1_174' title='bbox 970 2282 1168 2328; x_wconf 75' lang='lat' dir='ltr'>rationes</span> <span class='ocrx_word' id='word_1_175' title='bbox 1188 2299 1242 2328; x_wconf 76' lang='lat' dir='ltr'>ex</span> <span class='ocrx_word' id='word_1_176' title='bbox 1270 2297 1656 2346; x_wconf 70' lang='lat' dir='ltr'>temperamento,</span> <span class='ocrx_word' id='word_1_177' title='bbox 1676 2299 1793 2331; x_wconf 82' lang='lat' dir='ltr'>aeta-</span> 
     </span>
     <span class='ocr_line' id='line_1_28' title="bbox 508 2354 1794 2421; baseline 0.002 -17"><span class='ocrx_word' id='word_1_178' title='bbox 508 2369 572 2412; x_wconf 84' lang='lat' dir='ltr'>te,</span> <span class='ocrx_word' id='word_1_179' title='bbox 608 2354 953 2412; x_wconf 81' lang='lat' dir='ltr'>consuetudine,</span> <span class='ocrx_word' id='word_1_180' title='bbox 992 2371 1110 2412; x_wconf 88' lang='lat' dir='ltr'>aere,</span> <span class='ocrx_word' id='word_1_181' title='bbox 1146 2356 1307 2403; x_wconf 85' lang='lat' dir='ltr'>etanni</span> <span class='ocrx_word' id='word_1_182' title='bbox 1326 2356 1611 2421; x_wconf 83' lang='lat' dir='ltr'>tempestate,</span> <span class='ocrx_word' id='word_1_183' title='bbox 1635 2371 1794 2406; x_wconf 70' lang='lat' dir='ltr'>muta-</span> 
     </span>
    </p>
   </div>
   <div class='ocr_carea' id='block_1_7' title="bbox 503 2540 1801 2669">
    <p class='ocr_par' dir='ltr' id='par_1_7' title="bbox 503 2540 1801 2669">
     <span class='ocr_line' id='line_1_29' title="bbox 553 2540 1801 2606; baseline 0.001 -12"><span class='ocrx_word' id='word_1_184' title='bbox 553 2553 570 2581; x_wconf 60' lang='lat'>2&#39;</span> <span class='ocrx_word' id='word_1_185' title='bbox 598 2557 659 2595; x_wconf 86' lang='lat' dir='ltr'>Ab</span> <span class='ocrx_word' id='word_1_186' title='bbox 677 2566 832 2593; x_wconf 76' lang='lat' dir='ltr'>erronea</span> <span class='ocrx_word' id='word_1_187' title='bbox 854 2553 1117 2592; x_wconf 80' lang='lat' dir='ltr'>medicamenti</span> <span class='ocrx_word' id='word_1_188' title='bbox 1146 2540 1394 2605; x_wconf 72' lang='lat' dir='ltr'>assumptione</span> <span class='ocrx_word' id='word_1_189' title='bbox 1426 2556 1593 2594; x_wconf 79' lang='lat' dir='ltr'>vomitus</span> <span class='ocrx_word' id='word_1_190' title='bbox 1625 2557 1673 2606; x_wconf 86' lang='lat'>48</span> <span class='ocrx_word' id='word_1_191' title='bbox 1693 2557 1801 2596; x_wconf 84' lang='lat' dir='ltr'>hora-</span> 
     </span>
     <span class='ocr_line' id='line_1_30' title="bbox 503 2612 1668 2669; baseline -0.003 -13"><span class='ocrx_word' id='word_1_192' title='bbox 503 2631 600 2656; x_wconf 77' lang='lat' dir='ltr'>rum.</span> <span class='ocrx_word' id='word_1_193' title='bbox 629 2614 722 2654; x_wconf 74' lang='lat' dir='ltr'>Wil.</span> <span class='ocrx_word' id='word_1_194' title='bbox 738 2612 998 2662; x_wconf 73' lang='lat' dir='ltr'>Kruikssiank,</span> <span class='ocrx_word' id='word_1_195' title='bbox 1024 2615 1196 2653; x_wconf 75' lang='lat' dir='ltr'>Remarks</span> <span class='ocrx_word' id='word_1_196' title='bbox 1214 2629 1254 2652; x_wconf 83' lang='lat' dir='ltr'>on</span> <span class='ocrx_word' id='word_1_197' title='bbox 1273 2614 1331 2655; x_wconf 81' lang='lat' dir='ltr'>the</span> <span class='ocrx_word' id='word_1_198' title='bbox 1348 2615 1572 2669; x_wconf 64' lang='grc' dir='ltr'>Αᾷβονμίοη,</span> <span class='ocrx_word' id='word_1_199' title='bbox 1600 2617 1668 2653; x_wconf 75' lang='grc' dir='ltr'>διε.</span> 
     </span>
    </p>
   </div>
   <div class='ocr_carea' id='block_1_8' title="bbox 1563 2682 1795 2731">
    <p class='ocr_par' dir='ltr' id='par_1_8' title="bbox 1563 2682 1795 2731">
     <span class='ocr_line' id='line_1_31' title="bbox 1563 2682 1795 2731; baseline 0 -1"><span class='ocrx_word' id='word_1_200' title='bbox 1563 2682 1795 2731; x_wconf 76' lang='lat' dir='ltr'>bilitatem</span> 
     </span>
    </p>
   </div>
  </div>
 </body>
</html>
