1871 3211
388 298 1085 370 CAUSSIS.
1277 309 1370 360 2¹5

92 436 267 489 ficatio,
322 438 482 493 Quare
524 433 584 480 sic
624 432 794 496 peritos
829 430 1019 480 vivendi
1047 430 1279 489 homines,
1321 446 1378 476 nc

91 511 207 556 dum
227 510 387 566 vereri,
416 509 489 555 sed
515 524 678 555 eorum
699 519 920 571 quantam
944 506 1200 569 poffumu8‚
1219 521 1376 555 curam

92 599 267 648 gerere,
310 582 688 634 humaniffimum
721 599 813 628 non
843 581 988 628 modo
1015 579 1095 636 est,
1129 579 1205 626 sed
1231 578 1378 641 ipsum

90 658 406 720 aequiffimum
429 658 688 705 Sat-nectutis
718 657 796 722 jus
822 657 984 720 exigit.
1055 657 1231 702 Praeter
1254 654 1380 701 enim

95 747 240 794 quam
261 734 397 796 quod
417 731 667 796 anticipata
685 731 912 794 ejusmodi
950 745 1062 791 erga
1087 731 1381 778 Senectutem

96 820 278 863 merita,
304 807 591 855 consimilem
627 820 737 867 erga
762 821 843 853 nos
877 821 902 852 a
928 804 1199 868 Nepotibus
1224 806 1385 853 nostris

94 879 448 929 retributionem
473 879 745 944 spondeant,
784 879 859 925 hic
900 879 1065 926 unicus
1091 879 1169 935 est,
1206 892 1252 926 et
1288 879 1382 928 fere

93 968 203 1008 cum
242 957 456 1003 Deorum
481 955 634 1002 officio
667 955 996 1018 comparabilis
1023 955 1240 1001 humanae
1264 953 1382 1018 sapi-

94 1031 234 1076 entiae
259 1031 409 1078 omnis
430 1028 553 1089 usus,
580 1043 625 1077 et
651 1031 775 1087 finis,
801 1044 853 1076 ut
873 1030 1167 1077 tantumdem
1187 1030 1384 1088 Ceteris,

95 1117 329 1168 quantum
373 1103 506 1151 nobis
554 1105 907 1167 prospiciamus,
972 1118 1089 1160 tum,
1145 1105 1387 1170 quidquid

93 1176 408 1234 abundamus,
448 1179 627 1225 caeteris
655 1195 745 1224 non
771 1178 915 1225 modo
943 1178 1284 1241 impertiamur,
1309 1179 1387 1226 sed

100 1249 377 1313 amplissima
417 1269 528 1316 erga
566 1253 772 1317 reliquos
801 1253 1014 1300 homines
1050 1253 1292 1300 voluntate
1315 1253 1388 1301 ef·-

99 1322 370 1381 fundamuS,
408 1340 510 1375 tum
553 1329 839 1391 potiffimum
879 1344 989 1390 erga
1029 1344 1125 1387 eos,
1166 1329 1389 1391 aquibus

100 1414 211 1452 cum
238 1401 351 1448 Vita
374 1415 419 1448 et
443 1403 669 1460 doctrina,
717 1404 857 1467 longe
881 1419 1072 1466 quoque
1107 1402 1388 1455 nobiliffima

101 1474 368 1541 accepimus
391 1476 600 1540 profeffae
626 1479 809 1525 virtutis
835 1478 1065 1540 exempla.

171 1627 250 1674 66.
290 1625 567 1690 Cujusmodi
595 1628 865 1684 intervallis,
901 1642 947 1675 et
971 1628 1207 1684 aetatibus,
1233 1627 1387 1674 homi-

103 1714 219 1754 num
245 1700 357 1748 Vita
382 1703 644 1759 conficitur,
688 1720 795 1766 quae
836 1703 881 1749 in
926 1703 1022 1766 ipso
1060 1701 1155 1749 fere
1198 1703 1390 1750 exordio

103 1787 253 1820 certos
278 1774 418 1822 sumit
444 1783 492 1815 34
517 1793 626 1823 cum
652 1778 782 1824 omni
810 1776 905 1842 ejus
932 1776 1174 1824 duratione
1200 1777 1390 1823 consen-

105 1846 193 1904 sus.
265 1851 505 1911 Qorum,
542 1867 815 1914 eorumque,
848 1850 930 1913 qui
953 1851 1233 1912 procedente
1257 1864 1393 1898 aetate

104 1920 472 1985 manifestantur,
515 1925 685 1971 affidua
723 1923 1140 1986 contemplatione,
1181 1940 1237 1970 ne
1274 1924 1392 1971 dum

106 1995 205 2058 ejus
247 1997 502 2044 durationis
544 2012 774 2061 tempora2
832 1999 908 2045 scd
955 1997 1199 2061 plerosque
1247 1998 1393 2046 etiam

110 2073 331 2132 corporis,
389 2086 435 2118 et
473 2071 615 2119 animi
675 2072 864 2119 affectus
918 2071 1190 2135 praevidere,
1247 2071 1392 2118 inter-

108 2146 257 2208 posita
281 2145 549 2209 Philosophi
589 2159 634 2193 et
659 2147 843 2194 Medici
885 2135 1034 2192 studia
1065 2145 1248 2194 fortaffe
1274 2147 1392 2193 fine-

110 2233 228 2273 ient.
301 2221 393 2266 Sed
431 2221 524 2267 sola
570 2222 707 2267 unius
750 2221 951 2267 hominis
999 2220 1094 2266 vita
1137 2220 1390 2284 operofiffi-

110 2311 238 2341 mam
297 2294 427 2346 istam
472 2296 606 2342 studii
654 2296 959 2342 affiduitatem
1007 2295 1282 2358 postulante,
1347 2308 1395 2343 et

110 2371 418 2419 Medicorum
465 2387 605 2433 opera
647 2371 706 2416 ad
747 2371 888 2433 longe
934 2371 1192 2416 multorum
1232 2387 1392 2434 opem,

63 2455 71 2467 ¹
112 2446 358 2511 plusquam
383 2445 442 2491 ad
464 2444 602 2491 unius
622 2445 928 2501 securitatem,
956 2444 1132 2491 utiliter
1157 2444 1394 2503 conversa,

112 2521 193 2573 vix
228 2520 440 2583 possibile
481 2519 558 2574 est,
604 2519 806 2582 aliquem
831 2519 1054 2580 ejusmodi
1080 2520 1395 2583 praediffioni-·

112 2596 216 2655 bus,
242 2611 347 2659 quae
372 2604 510 2640 certae
537 2593 637 2650 sint,
663 2594 822 2641 locum
841 2609 1008 2641 extare.
1073 2596 1250 2643 Verum
1273 2610 1394 2658 prce·

338 2755 375 2797 θ’*
403 2753 520 2803 Conf,
541 2756 626 2796 Par,
662 2769 718 2794 xo.
738 2768 825 2807 pag.
850 2755 917 2795 168
938 2754 1051 2806 hujus
1073 2754 1169 2806 Cap.

1190 2827 1399 2878 terquam
