1871 3211
369 227 1355 290 CAUSSIS.141

68 364 406 428 multapassirn‚
418 360 818 425 tumpraeclarum
830 358 984 415 nobis,
999 358 1221 422 superiori
1241 378 1368 410 anno

73 441 269 497 Parisiis,
303 439 577 502 exemplum
625 436 860 485 constitit:
911 451 1021 482 cum
1047 434 1172 481 enim
1203 451 1375 500 magna

73 528 324 562 ventorum
340 513 389 560 vi
406 512 671 575 ingruente,
690 512 960 574 multoque,
976 510 1244 575 complures
1256 511 1373 568 dies,

73 588 222 635 imbre
270 599 487 633 manante
526 585 608 633 sub
631 584 871 633 Februarii
909 583 1060 640 initio,
1100 583 1286 631 nullum
1329 584 1377 632 in

74 660 351 708 barometris
388 659 593 723 vigentis
617 658 842 722 procellae
866 656 1052 720 lignum
1084 669 1280 713 extaret,
1321 657 1378 706 iis

75 737 120 783 in
146 735 435 783 constantem
481 735 589 782 coeli
632 734 926 782 serenitatem
965 733 1120 790 verfis,
1166 749 1379 798 cumque

76 826 160 875 per
192 827 273 858 eos
299 810 395 857 dies
417 809 698 857 nobiliffimo
722 809 840 857 Viro
872 808 1101 857 strumoso
1125 807 1285 856 ulcere
1309 809 1379 856 la-

77 886 282 942 boranti,
305 885 593 933 medicinam
620 884 843 940 facerem,
865 896 994 930 tanta
1014 896 1202 946 repente
1227 884 1273 931 in
1297 900 1380 932 ex-

77 960 287 1007 ulcerato
319 961 425 1006 loco
451 958 695 1006 recruduit
718 957 893 1006 doloris
929 970 976 1003 et
1014 956 1186 1005 fastidii
1209 959 1379 1017 cauffa,

77 1047 130 1080 ut
156 1034 213 1080 ad
238 1034 440 1081 caustica
466 1047 514 1081 et
550 1034 729 1097 ignem,
767 1034 849 1097 qui
886 1030 985 1096 ejus
1016 1032 1149 1079 saluti
1185 1047 1384 1097 praeerat

67 1102 365 1172 Chirurgus,
405 1111 468 1157 rei
504 1110 641 1173 plane
684 1110 915 1158 rationem
959 1124 1051 1155 non
1094 1107 1382 1172 intelligens,

76 1182 277 1248 jamque
319 1200 430 1231 mox
462 1198 752 1248 properaret,
810 1182 1021 1230 canceris
1073 1183 1257 1247 aliquid
1306 1197 1386 1233 aut

87 1258 246 1306 scirrhi
274 1258 354 1304 sub
380 1260 538 1304 ulcere
560 1258 831 1306 delitescere
856 1271 1044 1321 putans.
1117 1259 1225 1322 Ego
1251 1275 1383 1317 vero,

85 1347 198 1379 cum
241 1331 321 1378 vix
376 1331 556 1394 aliquid
607 1332 652 1378 in
691 1331 969 1379 contrariam
1010 1343 1211 1394 partem,
1271 1332 1384 1380 rati-

88 1419 179 1450 one
207 1402 502 1466 profeAEiurus
531 1405 689 1462 effem,
714 1418 943 1468 perpetuo
977 1416 1028 1449 ut
1053 1403 1101 1450 in
1124 1404 1368 1467 posterum

86 1476 232 1533 diem,
253 1494 345 1524 non
363 1479 660 1526 necessariam
680 1478 858 1526 doloris
883 1491 930 1525 et
954 1477 1224 1525 acerbitatis
1250 1479 1384 1527 caus-

89 1550 186 1598 sam
223 1551 300 1599 ille
343 1552 565 1610 differret,
605 1551 856 1600 artificioso
892 1552 1106 1599 sermone
1129 1553 1386 1616 rogabam:

91 1623 242 1670 donec
267 1624 604 1687 procrastinato
646 1625 871 1681 remedio,
911 1624 1025 1672 aeris
1050 1625 1258 1688 procella
1284 1626 1389 1688 pla-

93 1710 196 1744 cata
220 1697 373 1745 subito
406 1700 507 1763 post
526 1700 853 1756 inflammatio,
875 1712 922 1746 et
944 1699 1078 1747 dolor
1101 1698 1387 1757 remiserunt,

94 1770 334 1819 mitiffimo
371 1786 418 1819 et
457 1772 639 1820 salutari
671 1773 807 1820 fimul
845 1773 1015 1821 morbo
1057 1773 1261 1821 innocue
1309 1773 1390 1822 diu

95 1851 195 1915 post
218 1851 471 1915 superstite.

164 2006 214 2054 7.
252 1992 363 2052 Jarn
385 2007 500 2038 vero
527 2006 637 2038 cum
662 1990 902 2056 saepiffime
928 1992 973 2038 in
995 1991 1041 2039 id
1065 2007 1214 2055 genus
1230 1992 1390 2042 obser·

100 2066 313 2113 vationes
351 2066 508 2112 animo
557 2066 858 2122 adverterim,
900 2066 1034 2129 quod
1077 2080 1123 2113 et
1163 2067 1221 2113 ad
1269 2084 1392 2131 prae-

104 2137 387 2187 noscendum
413 2152 458 2185 et
492 2139 547 2185 ad
571 2139 779 2203 apposite
808 2140 1084 2196 curandum,
1110 2157 1186 2188 eas
1211 2141 1396 2205 aliquid.

104 2213 260 2259 valere
301 2212 626 2275 cognoverim,
660 2213 855 2259 miratus
881 2227 1005 2260 certe
1025 2215 1144 2270 sum,
1179 2231 1319 2261 eccur
1349 2215 1394 2262 in

105 2303 281 2349 magno
313 2286 558 2333 illustrium
595 2288 834 2344 Virorum,
874 2287 955 2351 qui
994 2287 1053 2333 de
1087 2290 1205 2335 Arte
1243 2302 1288 2334 et
1323 2287 1394 2335 sa-

111 2361 285 2417 nando,
317 2374 363 2408 et
387 2362 602 2409 docendo
631 2362 819 2426 egregie
843 2361 944 2408 sunt
968 2362 1141 2419 meriti,
1179 2377 1398 2419 numero,

111 2447 190 2480 aut
214 2433 244 2480 ii
270 2451 425 2498 neque
451 2451 550 2481 rem
578 2435 938 2490 nominaverint,
984 2447 1065 2480 aut
1084 2435 1114 2481 fi
1142 2434 1277 2498 quid,
1303 2434 1394 2480 mie

111 2509 295 2555 nimum
321 2511 362 2556 ei
387 2509 557 2557 dedisse
582 2510 792 2573 plerique
817 2509 1079 2556 videantur.
1132 2509 1277 2576 Qod
1302 2507 1397 2555 fere

113 2581 218 2629 satis
244 2582 397 2630 fuiffet
434 2583 491 2629 ad
527 2596 905 2646 praeconceptam
946 2583 1102 2630 animo
1125 2583 1400 2646 opinionem

115 2658 316 2723 prorsus,
342 2659 483 2724 inque
507 2672 688 2723 partem
713 2672 905 2707 omnem
935 2659 1293 2725 repudiandam,
1316 2656 1398 2703 nisi

298 2751 316 2780 1
1252 2730 1400 2777 rursus
