1871 3211
407 273 468 322 52
637 256 753 305 DE
809 254 991 321 v1T,
1049 250 1436 301 PERIOD.

412 391 664 441 Fluxiones
703 387 871 436 alicubi
907 384 1265 433 subnascantur:
1313 382 1442 447 quod
1480 372 1698 428 fluxionis

410 480 556 530 genus
581 465 627 511 in
651 462 824 509 morbis
850 460 1001 507 crisim
1025 459 1241 506 dicimus.v

485 624 561 672 15.
595 611 767 671 Neque
803 605 968 661 obstat,
1006 604 1158 651 nullos
1200 599 1386 666 proprie
1429 596 1703 647 constanteS,

413 697 460 730 et
484 679 764 729 universales
790 680 878 725 effe
905 676 1190 740 judiciorum
1231 675 1346 730 dies,
1388 670 1556 732 nempe
1583 663 1713 730 quod

405 754 540 818 juxta
576 752 816 818 popularis
850 752 1003 798 morbi
1030 750 1362 805 diversitatem,
1405 743 1594 794 diversas
1620 741 1708 787 fint

417 828 626 876 {imiliter
664 824 969 890 judicationis
1012 822 1224 886 periodi:
1270 821 1400 884 quod
1438 819 1503 865 sat
1547 813 1711 863 multis

419 900 645 964 superiori
687 900 807 946 libro
832 899 1033 959 egimus,
1080 894 1465 959 quandoquidem
1492 892 1571 938 illa
1596 886 1710 950 ipsa>

419 990 527 1036 quae
553 973 702 1029 eibos,
731 985 809 1017 aut
833 984 995 1033 potus,
1030 982 1110 1014 aut
1134 985 1305 1023 aerem,
1342 979 1420 1012 aut
1441 962 1712 1012 immediate

421 1046 562 1091 etiam
604 1042 815 1089 hOmines
866 1041 913 1087 in
956 1040 1250 1102 Epidemicis
1289 1039 1470 1085 morbis
1510 1046 1711 1088 mutant,

423 1117 549 1163 Vitae
585 1115 793 1161 fimiliter
834 1101 1171 1169 eonverfiones,
1207 1128 1464 1174 earumque
1488 1107 1716 1172 regulari·-

426 1194 572 1236 tatem
617 1187 842 1242 afficiunt,
883 1186 1145 1249 exindeque
1170 1201 1335 1231 eorum
1360 1198 1572 1247 tempora
1613 1196 1717 1227 mu-

431 1273 603 1308 tantur.
672 1262 846 1305 Annon
885 1258 1026 1319 igitur
1067 1255 1456 1320 praedisponentes
1491 1255 1549 1301 ad
1590 1269 1718 1300 mor*—

427 1335 543 1380 bum
571 1332 752 1391 cauffae,
796 1333 888 1378 fine
930 1348 1129 1395 quarum
1165 1332 1431 1378 interventu
1471 1330 1551 1376 vix
1578 1329 1721 1376 etiam

428 1407 552 1470 peste
592 1407 888 1473 corripimur,
926 1406 972 1452 in
1010 1419 1276 1468 opportuna
1318 1404 1546 1468 ejusmodi
1589 1419 1721 1450 men-

430 1478 567 1524 struae
609 1478 881 1525 mutationis
928 1477 1251 1534 concursione,
1297 1493 1523 1539 magnam
1563 1476 1724 1523 saltem

432 1551 534 1599 sunt
557 1567 736 1612 partem
761 1552 775 1595 ?
815 1564 860 1596 et
880 1567 1031 1596 annon
1057 1551 1195 1597 etiam
1220 1550 1424 1613 plurima
1444 1550 1491 1596 in
1529 1550 1722 1595 morbo-

433 1633 538 1670 rum
565 1623 765 1686 periodis
806 1624 1078 1686 regularitas
1115 1625 1172 1670 ad
1211 1623 1459 1670 menstruas
1498 1622 1725 1686 ejusmodi

433 1699 560 1744 Vitae
607 1694 981 1754 consuetudines,
1048 1712 1094 1744 et
1135 1711 1354 1744 motuum
1392 1700 1726 1761 progressiones

436 1771 586 1817 omnis
613 1771 812 1834 pertinet
836 1771 851 1816 ?

510 1914 585 1960 16.
622 1915 687 1958 At
721 1913 820 1958 liaec
863 1911 1055 1975 quidem
1096 1912 1443 1958 dubitationum
1487 1927 1655 1973 genera
1698 1911 1732 1958 st

443 1986 555 2049 quid
584 1987 787 2033 habeant
829 1986 873 2031 in
892 1985 932 2030 se
958 1985 1190 2040 utilitatis,
1227 1985 1307 2031 vix
1331 1985 1538 2032 nostrum
1576 1983 1640 2031 est
1662 1984 1732 2031 di-

444 2077 580 2107 cere:
621 2075 774 2120 neque
812 2073 934 2105 certe
961 2076 1013 2105 ea
1053 2077 1161 2123 quae
1188 2063 1318 2108 Artis
1355 2060 1456 2106 sunt
1479 2060 1733 2123 quaeslviffe

444 2148 531 2178 nos
560 2131 781 2193 poenitet,
808 2132 1051 2194 multaque
1077 2149 1183 2194 quae
1210 2133 1254 2178 in
1276 2132 1390 2178 Vita
1414 2134 1547 2188 fiunt,
1580 2134 1737 2196 primo

447 2202 639 2266 quidem
666 2202 836 2249 intuitu
873 2205 1174 2251 remotiffima
1198 2205 1331 2251 fimul
1353 2205 1611 2260 contulisse,
1646 2221 1735 2268 pu-

452 2290 602 2322 tantes
643 2277 841 2323 eandem
883 2278 1087 2325 sanitatis
1130 2292 1175 2324 et
1213 2279 1488 2325 morborum
1528 2281 1736 2342 undique

451 2347 675 2394 rationem
694 2350 926 2405 constare.
965 2354 1070 2399 Nos
1098 2352 1291 2414 quidem
1318 2352 1460 2398 effusa
1486 2353 1737 2408 hincinde,
1806 2386 1813 2399 .

450 2419 580 2482 quasi
602 2421 738 2476 lucis,
766 2423 1005 2470 {imulacra
1025 2425 1082 2470 fic
1109 2425 1151 2470 in
1174 2426 1401 2486 punCmm
1425 2427 1736 2489 conlegimus,

446 2507 499 2538 ut
523 2506 718 2547 eminus,
745 2510 849 2555 quse
870 2513 979 2543 vero
999 2497 1217 2559 propiora
1237 2498 1397 2556 essent,
1428 2514 1738 2554 cerneremus,

447 2567 541 2611 sive
568 2578 615 2610 ut
641 2566 717 2610 alii
745 2582 815 2623 ea,
853 2568 896 2614 in
921 2571 1090 2633 quibus
1123 2585 1209 2616 nos
1239 2569 1320 2633 ipfi
1346 2572 1617 2629 erravimUS,
1658 2588 1738 2619 co-

447 2653 597 2685 minus
626 2653 882 2686 cernerent.

1516 2710 1736 2757 CAP.
