1871 3211
403 213 1106 261 SANORUM.
1342 229 1404 277 33

108 345 312 408 periodis
336 345 596 409 exequitur,
642 344 733 391 five
759 344 945 407 sanguis
970 343 1281 391 abundaverit
1311 349 1402 393 five

108 433 218 473 non,
233 430 285 464 ut
300 431 548 481 propterea
570 434 660 464 non
678 434 778 464 raro
798 417 1033 479 exemplo,
1050 417 1403 479 sanguineorum

103 490 232 549 loco,
282 491 374 537 albi
401 491 577 538 menses
602 491 648 537 in
674 490 844 537 tabidis
869 502 915 536 et
939 489 1211 536 cachefficis
1240 490 1399 538 fluant.

104 563 181 610 Sic
202 581 354 629 nuper
372 567 430 613 de
454 567 662 614 histerica
681 566 840 629 puella
859 565 1144 628 accepimus,
1167 581 1274 628 quae
1291 582 1399 613 cum

103 637 150 684 in
186 641 459 703 quindecim
502 657 548 689 et
594 642 796 705 amplius
853 641 951 688 dies
993 641 1248 704 aliquando
1292 643 1396 689 dor-

102 701 260 772 miret,
309 730 571 765 revertente
596 719 751 764 mense
775 717 927 763 adhuc
952 716 1185 762 dormiens
1214 730 1346 764 utero
1365 721 1397 744 ¹³

99 794 406 855 purgabatur,
454 794 634 842 tametsi
660 793 856 840 tolerato
881 804 950 838 tot
975 805 1109 837 antea
1140 791 1398 856 diebusje-

91 863 228 927 junio
263 868 342 914 vix
391 867 616 926 credibile
658 868 768 913 esset
804 865 984 930 aliquid
1024 865 1175 911 adhuc
1208 865 1256 912 in
1298 867 1396 930 ejus

98 955 290 1004 corpore
316 941 615 988 abundaviffe
637 959 647 987 :
689 941 820 1005 cujus
838 940 932 987 fere
947 939 1115 986 fimilia
1141 940 1260 998 sunt,
1289 958 1396 1006 quae

100 1011 235 1076 supra
259 1015 648 1062 memoravimus.

168 1178 214 1223 9.
287 1163 463 1226 Neque
484 1163 684 1210 dubium
710 1162 773 1208 est
799 1161 1042 1225 complura
1068 1161 1113 1208 in
1138 1161 1390 1210 menstrua-

98 1234 238 1281 tionis
263 1235 457 1297 negotio
483 1251 509 1280 a
533 1235 760 1281 matribus
791 1235 836 1280 in
857 1236 973 1280 filias
993 1235 1196 1291 tranfire,
1220 1236 1392 1298 pariter

86 1307 236 1372 'atque
273 1307 632 1354 consuetudines
672 1307 774 1354 aliae
807 1307 852 1352 in
871 1306 1081 1353 Familiis
1117 1323 1198 1368 per
1233 1309 1392 1354 tradu-

93 1396 199 1427 cem
230 1381 354 1427 Γεξὶει
394 1380 619 1427 feruntur.
692 1381 830 1427 Certe
860 1379 1168 1442 praecocitatis
1193 1395 1273 1427 aut
1297 1395 1392 1427 tar-

92 1455 265 1511 ditatis,
291 1454 486 1501 modum
513 1454 622 1500 filiae
656 1452 908 1500 universim
939 1470 965 1499 a
989 1466 1139 1500 matre
1182 1454 1387 1502 sumunt.

91 1530 362 1593 Extantque
376 1530 592 1592 exempla
603 1528 926 1584 Familiarum,
940 1544 1141 1592 quarum
1161 1528 1388 1587 foeminae,

91 1605 234 1667 longa
273 1602 484 1667 neptium
526 1602 803 1650 successione
839 1604 1072 1650 menfibus
1109 1620 1166 1651 ex
1205 1603 1389 1666 integro

94 1689 372 1723 caruerunt:
411 1691 611 1740 quarum
646 1692 702 1722 ex
724 1675 947 1724 Wedelio
971 1676 1188 1724 meminit
1228 1677 1388 1724 Ham-

93 1752 335 1816 bergerus.

162 1914 237 1946 10.
276 1901 401 1963 Qae
437 1898 531 1946 fere
572 1915 734 1946 eorum
782 1896 1088 1945 fundamenta
1130 1898 1252 1955 sunt,
1295 1900 1378 1963 qui

87 1974 392 2022 foeminarum
424 1973 602 2020 menses
628 1973 848 2021 adscitam
887 1971 1269 2019 consuetudinem
1294 1990 1381 2036 pu·
1410 1995 1411 1998 ¹

89 2063 208 2104 tant,
251 2063 447 2111 eamque
472 2063 497 2093 a
521 2048 735 2095 muliebri
772 2047 882 2094 vitae
931 2047 1139 2093 instituto
1185 2047 1382 2104 incitari,

88 2123 246 2187 potius
269 2137 413 2186 quam
445 2122 635 2185 propria
658 2123 854 2169 Naturae
880 2121 984 2183 lege
1005 2121 1118 2177 fieri,
1138 2121 1375 2184 judicant.

88 2201 157 2246 At
182 2210 321 2253 certe,
347 2212 457 2242 cum
482 2212 573 2242 non
599 2213 748 2242 unum
775 2195 1036 2243 vitiofitatis
1055 2213 1201 2259 genus
1221 2196 1375 2260 majo-

88 2289 160 2318 res
194 2270 332 2317 nostri
364 2269 612 2333 nepotibus
639 2269 932 2325 tradiderint,
970 2286 1221 2335 pravaeque
1253 2288 1374 2319 non*-

88 2346 320 2393 nullarum
352 2344 561 2406 gentium
588 2345 796 2408 corporis
837 2343 1250 2403 conformatione8‚
1289 2347 1376 2393 hu-

259 2557 292 2580 13
324 2553 562 2601 Beauchene‚
591 2554 820 2606 Observ.sur
834 2570 898 2594 une
911 2555 1144 2596 MaaNm--za

154 2621 279 2668 Vm„
302 2622 368 2669 ΙΙ,
704 2624 751 2668 D
1219 2638 1371 2670 manae
