1871 3211
333 197 1015 247 SANORUM
1281 214 1341 258 41

46 346 183 396 nuper
202 335 410 382 Maerino
439 334 557 394 Visco
580 333 678 379 viro
702 332 932 386 PraetoriO,
973 340 1015 376 et
1052 331 1239 376 omnibus
1263 350 1343 378 an-

45 410 110 454 nis
126 407 287 467 Volzfio
305 409 537 454 Saturnino
573 405 926 467 urbispraefedo,
948 405 1024 466 qui
1039 405 1341 466 nonagefimum

48 477 204 537 exceffit
229 495 398 526 annum.

110 634 157 682 3.
196 618 537 683 Frequentiora
560 617 757 665 omnino
789 619 892 666 sunt
917 617 1226 666 mensualium
1246 618 1338 665 hre-

46 685 367 735 morrhoidum
388 687 622 750 exempla,
656 702 858 750 quarum
882 685 1218 749 inauspicatam
1237 680 1344 731 uni-

44 757 214 806 verslm
232 759 544 816 curationem,
582 758 787 823 improbi
806 759 1036 806 totidem
1028 776 1072 805 in
1096 759 1346 805 Medicina

43 830 267 880 successus
293 834 530 880 testantur.
565 835 738 897 Neque
763 833 889 879 enim
915 834 998 897 qui
1017 834 1077 880 s1c
1097 847 1344 896 aegrotant,

43 904 321 970 plerumque
346 907 526 964 saltem,
549 924 605 954 eo
624 906 857 970 sanguinis
873 907 1109 969 profluvio
1129 907 1345 953 imbecil-

45 978 183 1026 liores
204 980 345 1027 fiunt:
389 983 562 1028 habent
580 980 721 1036 enim,
748 979 876 1044 quod
898 980 1058 1028 Celsus
1078 979 1212 1038 dixit,
1237 998 1347 1043 pur-

44 1053 284 1121 gationem
340 1057 477 1112 hanc,
516 1074 609 1103 non
657 1057 895 1114 morbum,
945 1055 1158 1118 adeoque
1197 1056 1345 1102 curati

50 1128 270 1191 quidam,
300 1130 519 1176 conversa
555 1129 665 1176 alibi
702 1131 903 1185 Natura,
941 1127 1102 1175 subitis
1147 1129 1345 1175 confesti

45 1203 150 1250 sunt
174 1203 369 1250 morbis·
432 1203 708 1265 Cujusmodi
748 1202 1075 1250 lamentabiles
1101 1203 1230 1250 Artis
1277 1204 1347 1250 la-

45 1290 193 1337 queos
220 1274 300 1320 vix
328 1275 486 1336 magni
513 1275 656 1321 etiam
683 1273 786 1329 viri,
820 1274 912 1319 five
939 1274 1085 1320 nimia
1112 1288 1346 1336 aegrotan-

45 1348 103 1394 tis
136 1364 273 1410 prece
312 1353 505 1407 exorati,
551 1347 663 1402 sive,
699 1346 797 1393 sero
834 1345 1111 1410 obsequenti
1153 1349 1349 1394 Naturae

47 1420 226 1478 confisi,
264 1421 474 1468 devitare
509 1432 778 1484 potuerunt,
815 1436 969 1482 neque
995 1420 1228 1467 devitavit
1252 1422 1349 1468 Bo-

47 1492 312 1549 erhaavius,
362 1495 443 1553 qui
487 1509 596 1539 cum
636 1493 997 1539 incommodam
1036 1493 1347 1541 haemorrhoi-

48 1567 165 1614 dum
202 1566 560 1631 turgescentiam
598 1567 645 1614 in
688 1567 839 1615 nobili
882 1568 1089 1631 quodam
1115 1568 1217 1614 viro
1241 1584 1349 1631 per·

47 1640 310 1696 curaviffet,
354 1641 509 1687 morbi
551 1654 705 1687 tamen
743 1639 976 1687 feritatem
1003 1641 1234 1688 leniturus
1259 1657 1348 1705 po-

47 1711 159 1772 tius,
186 1730 331 1778 quam
357 1714 610 1770 sanaturus,
640 1730 752 1760 cum
778 1713 858 1760 iste
877 1728 1044 1778 praeter
1071 1715 1200 1762 Artis
1225 1715 1349 1761 fidu-

52 1788 175 1834 ciam
201 1803 258 1834 ex
294 1787 477 1850 integro
502 1787 820 1843 convaluisset,
855 1788 1016 1851 paucis
1034 1788 1136 1851 post
1178 1788 1349 1834 menfi-

49 1860 136 1906 bus
179 1859 463 1921 ignotissimo
503 1861 671 1906 morbo
711 1861 953 1916 decubuit,
1009 1861 1089 1923 qui
1125 1860 1348 1907 miseran-

53 1934 162 1979 dam
190 1932 471 1980 sanationem
499 1949 593 1979 non
629 1934 724 1979 sera
749 1949 899 1980 morte
927 1934 1187 1980 mulevit.
1258 1935 1352 1981 Sed

57 2006 288 2054 consimili
348 2007 490 2053 etiam
532 2006 628 2052 fato
688 2007 843 2053 denati
887 2009 1056 2054 Parens
1098 2006 1348 2062 ceciderat,

51 2078 256 2127 diffimili
281 2080 496 2142 quamvis
523 2080 668 2126 modo
695 2094 908 2128 curatus:
952 2080 988 2126 is
1031 2081 1205 2129 etenim
1238 2097 1349 2127 cau-

54 2154 197 2209 sticis,
220 2166 266 2199 et
284 2153 452 2216 topicis
471 2154 827 2201 medicamentis
851 2156 1069 2218 morbum
1091 2169 1347 2208 averterat3

56 2226 158 2291 post
183 2243 293 2289 quae
318 2227 480 2273 anxius
508 2228 665 2283 fiebat,
712 2228 968 2291 paucisque
1008 2229 1111 2292 post
1135 2228 1351 2291 interjec-

54 2301 113 2348 tis
140 2299 376 2346 mensibus
403 2299 607 2347 animam
632 2318 742 2347 cum
781 2301 1001 2364 sanguine
1038 2303 1222 2350 vomitu
1254 2302 1350 2366 eje.-

60 2373 143 2420 cit.
214 2373 371 2419 Aliter
396 2390 463 2419 res
492 2377 617 2420 cessit
643 2375 1085 2422 Haemorrhoidario
1110 2375 1170 2432 ei,
1218 2375 1350 2439 cujus

58 2447 291 2493 historiar-n
311 2447 540 2493 Sthaa'iius
559 2448 800 2508 memoriae
817 2447 1087 2510 prodidit4:
1115 2449 1152 2495 is
1177 2449 1352 2495 etenim

103 2582 292 2627 “Duff-i)
283 2581 509 2630 ‘vulf'
539 2584 580 2619 dr
612 2582 691 2619 ἐἶν’
680 2581 1101 2635 ισδαὸκηιςιῑενα]
1129 2585 1272 2635 efflusi,
1291 2597 1357 2619 7202

43 2634 246 2685 pemdlf'm

227 2704 251 2719 N
1131 2686 1350 2749 sanguine
