1871 3211
434 251 1137 306 CAUSSIS.
1343 272 1432 322 103

139 385 328 447 habent,
364 382 565 448 plusque
591 383 745 432 adhuc
774 398 990 432 externus
1016 385 1062 431 in
1088 386 1321 437 internum
1346 390 1434 438 ho-

138 458 330 515 minem,
389 457 685 523 internusque
735 459 781 505 in
831 471 1096 517 externum,
1142 476 1285 523 quam
1322 463 1434 518 diei,

131 530 386 596 noctisque,
436 545 482 580 et
506 532 834 597 tempestatum
869 533 976 580 anni
1004 534 1325 582 conversiones
1350 554 1432 583 va-

128 607 244 653 lent.

199 760 248 809 7.
288 747 469 794 Verum
493 746 767 805 enimvero,
813 763 924 795 cum
963 748 1092 794 stella
1114 747 1207 795 diei
1240 750 1424 811 nuntia,

137 820 263 867 coelo
280 821 455 868 nedum
475 820 714 878 illustrato,
730 822 822 868 late
846 821 1149 870 diffusibilem
1174 821 1433 882 stimulum,

131 908 380 959 terraeque,
396 894 604 959 aerisque
619 912 810 959 campos
826 897 1019 960 replere,
1032 898 1277 961 complura
1293 916 1434 947 mon-

131 968 291 1027 strant,
335 971 478 1034 idque
514 970 761 1034 imprimis,
801 972 930 1034 quod
958 988 1135 1034 magna
1160 974 1435 1022 animalium

129 1061 235 1108 pars
261 1045 410 1092 multa
435 1045 641 1108 undique
666 1045 798 1092 nocte
826 1044 1080 1109 consopita,
1131 1060 1176 1092 et
1203 1064 1323 1110 pene
1349 1066 1432 1096 ex-

133 1119 353 1177 animata,
388 1119 482 1166 fere
523 1117 727 1166 animam
771 1119 940 1166 iterum
967 1136 1076 1166 cum
1102 1121 1319 1168 veniente
1357 1123 1435 1171 die

131 1193 343 1256 recipiat.
413 1194 523 1240 Sive
564 1194 736 1240 etenim
761 1193 933 1256 puriori
977 1195 1037 1240 οἱ)
1060 1193 1180 1240 Solis
1228 1212 1253 1240 a
1292 1195 1435 1259 longe

134 1267 393 1313 adventum
410 1266 531 1313 facto
551 1282 670 1322 aere,
682 1267 771 1312 five
787 1281 843 1312 ex
855 1267 1046 1329 oxigino
1061 1268 1174 1314 aeris
1187 1268 1432 1329 'elemento

131 1340 342 1404 undique
363 1341 410 1386 in
437 1340 562 1386 Solis
585 1339 830 1386 occursum
857 1340 1165 1402 conspirante,
1187 1341 1277 1387 sive
1301 1342 1434 1406 quod

130 1431 158 1461 a
180 1415 298 1462 lucis
322 1415 547 1473 adventu,
580 1413 709 1461 suam
734 1413 1102 1476 dephlogisticus
1127 1431 1203 1461 aer
1227 1416 1429 1465 elastici-

131 1502 281 1538 tatem
306 1503 565 1554 recuperet,
605 1489 684 1536 vix
709 1489 991 1536 dubitabilia
1018 1504 1140 1536 certe
1167 1492 1429 1541 antelucani

132 1564 305 1611 stimuli
332 1576 607 1628 argumenta
632 1563 845 1626 undique
886 1577 1064 1610 extant.
1137 1563 1215 1610 Sic
1239 1566 1432 1628 planta-

129 1654 237 1685 rum
283 1637 411 1694 folia,
451 1637 589 1684 noctu
630 1653 722 1684 non
765 1639 1000 1684 contracta
1046 1637 1212 1694 solum,
1262 1638 1337 1685 sed
1385 1641 1431 1689 in

130 1712 369 1776 propriam
394 1711 730 1759 dormientium
755 1710 958 1757 formam
983 1710 1200 1773 disposita
1231 1710 1275 1757 in
1302 1711 1429 1760 sum-

129 1805 209 1836 ma
227 1804 391 1835 aurora
405 1789 552 1836 rursus
570 1789 883 1852 aperiuntur2,
911 1787 1120 1851 lucisque
1142 1789 1437 1837 amicissimae·¹

129 1860 223 1908 fere
241 1863 286 1908 in
300 1862 419 1908 Solis
438 1861 682 1908 occursum
701 1875 805 1908 ante
822 1862 1079 1924 rapiuntur,
1095 1862 1186 1907 sive
1203 1863 1426 1921 calidmii,

132 1933 179 1980 in
219 1951 315 1997 quo
354 1934 573 1997 prostant,
622 1933 830 1980 fenestrae
870 1934 1121 1996 patuerint,
1163 1934 1255 1980 five
1301 1952 1424 1992 non3

132 2009 528 2071 observatumque
553 2007 617 2054 est
641 2008 782 2054 etiam
817 2007 1015 2054 diluculi
1051 2020 1238 2070 tempus
1263 2025 1427 2059 earum

131 2081 493 2136 foecundationi‚
520 2094 565 2127 et
589 2081 919 2144 germinationi
943 2097 1037 2143 prce
1054 2080 1228 2128 caeteris
1255 2097 1428 2143 oppor-

134 2168 305 2204 tunum
331 2157 435 2211 effe,
476 2168 522 2201 et
550 2172 632 2218 per
655 2172 730 2202 eas
761 2156 892 2200 horas
930 2153 1203 2217 spermatica
1238 2154 1424 2203 illarum

132 2239 327 2286 organa,
353 2239 460 2269 vere
485 2222 707 2279 maxime,
736 2221 1035 2268 incalescere:
1081 2237 1265 2283 nempe,
1292 2222 1426 2285 quod

136 2298 343 2345 animato
368 2296 498 2343 versu
525 2296 703 2343 dixerat
723 2294 993 2350 Lucretius,
1037 2293 1165 2357 quod
1199 2309 1322 2340 nunc
1349 2311 1426 2341 re-

136 2372 280 2420 serata
302 2369 462 2433 vigeat
481 2370 733 2433 genitabilis
757 2386 871 2415 aura
897 2368 1069 2415 Favoni
1085 2387 1100 2414 :
1138 2366 1418 2431 exindeque,

260 2577 278 2617 .²
304 2576 424 2616 Conf.
456 2577 594 2616 Linne.
623 2578 763 2615 Amaen.
782 2577 899 2614 Acad.
919 2578 1059 2614 Somnus
1074 2575 1312 2623 Plantarum,

729 2710 771 2753 H·
799 2727 827 2765 4
1193 2726 1212 2735 ⁴
1239 2708 1428 2752 ——Per
