1871 3211
413 170 1110 220 SANORUM.
1335 188 1393 236 37

111 303 300 365 Nempe
324 300 455 363 quod
481 301 677 347 Ferrum
712 300 908 348 similem
926 302 1160 364 utrimque
1185 302 1401 352 debilita-

106 390 202 427 tem
226 389 374 430 curat,
422 390 765 439 proptereaque
789 374 972 426 easdem
998 390 1048 423 ut
1088 391 1219 422 antea
1246 394 1398 426 motu-

106 467 185 497 um
231 450 560 512 proportiones
607 450 653 496 in
692 467 886 513 corpore
934 451 1145 498 universo
1189 452 1399 509 restituit,

104 523 233 586 quod
258 523 337 569 vix
359 524 456 569 fieri
482 525 609 586 posse
636 525 861 570 credibile
887 525 1012 580 effet,
1048 525 1144 571 solo
1171 526 1401 574 Plethorae

102 597 288 644 defectu
332 612 410 644 aut
451 599 632 645 exceffu
672 601 893 646 morbum
931 597 1146 646 faciente.
1218 602 1398 665 Qare,

101 687 207 735 quae
226 672 483 718 fluidorum
510 672 696 735 copiam
719 686 823 720 ante
849 673 936 718 alia
961 673 1227 736 respiciunt,
1254 676 1399 721 veluti

97 762 231 792 venae
255 745 494 802 secffiones,
536 747 642 793 solae
675 747 871 810 quidem
898 760 943 794 et
968 747 1238 811 simpliciter
1274 749 1320 796 in
1356 750 1398 796 se

96 819 326 883 spectatae,
371 837 472 868 raro
504 820 676 885 juvant
698 819 755 877 ¹⁸,
808 820 973 884 saepius
1019 823 1262 887 utrimque
1311 842 1397 872 no—

97 908 220 951 cent,
263 908 308 941 et
332 896 681 958 periculosiores
720 896 929 960 undique
968 896 1014 943 in
1037 898 1150 945 Vita
1175 914 1395 948 motuum

96 969 418 1016 conversiones
444 969 711 1016 sollicitant.

170 1132 245 1178 13.
286 1117 531 1173 Praeterea,
571 1133 678 1181 quae
703 1118 918 1181 primitus
943 1134 968 1164 a
993 1119 1179 1175 reflexa,
1210 1133 1255 1166 et
1281 1120 1393 1168 alibi

97 1205 410 1253 praeterquam
459 1192 514 1238 ad
562 1204 765 1247 uterum,
814 1192 912 1238 vim
954 1191 1151 1239 faciente
1193 1196 1392 1254 Natura,

97 1277 205 1309 nata
232 1265 354 1309 mala
376 1262 496 1318 sunt,
535 1262 564 1308 si
590 1264 780 1325 quando
800 1264 1137 1310 nonnullorum
1162 1269 1394 1314 mensium

96 1336 345 1383 intervallo
361 1335 558 1400 jamque
581 1337 750 1382 iterum
771 1350 909 1398 atque
933 1335 1102 1383 iterum
1121 1338 1393 1398 obveniant,

96 1410 142 1458 in
185 1411 450 1458 morbosam
486 1411 604 1473 saepe
653 1409 1038 1457 consuetudinem
1087 1411 1394 1475 degenerant,

94 1485 391 1550 reseratisque
434 1486 597 1531 =adhuc
648 1485 951 1532 muliebrium
997 1485 1102 1543 viis,
1160 1489 1393 1550 perstant:

92 1559 230 1623 seque
247 1558 426 1624 jugiter
451 1561 649 1606 comites
676 1559 928 1607 fluentibus
967 1563 1199 1609 mensibus
1226 1562 1391 1627 adjun-

91 1648 226 1694 gunt.
296 1633 586 1696 Exemplum
635 1650 784 1697 nuper
828 1634 972 1681 habui
1019 1635 1065 1682 in
1113 1636 1392 1685 nobiliffima

90 1708 265 1769 puella,
305 1724 413 1770 quae
439 1707 616 1755 difficili
633 1709 994 1759 menstruatione
1019 1709 1252 1766 laborans,
1279 1711 1389 1758 inde

90 1785 192 1828 tuffi
232 1797 281 1829 et
308 1782 530 1828 asthmate
558 1783 933 1831 conflictabatur.
1005 1784 1138 1832 Huic
1177 1787 1387 1843 tandem,

92 1855 430 1904 interveniente
463 1858 596 1903 Artis
623 1857 814 1912 auxilio,
852 1857 1030 1903 menses
1054 1857 1140 1903 rite
1159 1861 1387 1920 procede-

94 1930 225 1986 bant,
267 1946 419 1993 neque
445 1944 601 1976 tamen
623 1929 882 1993 periculosa
901 1930 1236 1978 consuetudine
1256 1932 1385 1980 sana-

137 2129 169 2151 ¹⁸
198 2130 347 2180 Juvant
375 2129 757 2182 tamenlaliquando,
793 2130 921 2182 sicque
941 2129 1108 2181 prodesse
1128 2130 1322 2180 videntur,
1349 2143 1392 2170 ut

82 2188 286 2227 imminuta
312 2189 506 2241 sanguinis
527 2190 650 2240 copia,
685 2190 863 2228 liberiore
889 2201 1091 2241 propterea
1120 2190 1298 2238 circuitu,
1332 2192 1394 2230 de—

80 2249 161 2289 bita
181 2249 398 2288 Solidorum
429 2250 526 2288 aftio
552 2261 746 2288 exeratur.
803 2249 864 2288 Sic
885 2249 1017 2287 multis
1041 2249 1173 2288 incisio
1193 2251 1390 2302 Saphenae,

82 2310 254 2347 actutum
290 2308 624 2346 menstruationem
656 2307 769 2359 parit.
826 2308 1050 2346 Fonticulos
1085 2308 1210 2357 etiam,
1248 2309 1391 2361 quibus

81 2369 329 2407 menstruatio
359 2369 547 2420 suppressa
575 2368 637 2415 est,
667 2369 780 2406 unica
813 2368 1023 2420 aliquando
1054 2368 1159 2407 fuisse
1186 2370 1392 2409 sanationis

80 2430 158 2476 via,
191 2430 371 2477 vidimus,
404 2444 542 2480 magna
560 2441 687 2468 tamen
705 2428 834 2482 quoad
854 2427 1002 2478 copiam
1022 2429 1172 2468 fluentis
1194 2430 1390 2484 utrimque

81 2489 269 2533 humoris,
307 2491 405 2528 secia
425 2489 600 2527 videlicet
621 2503 732 2535 vena,
769 2502 896 2539 exque
926 2487 1139 2536 fonticulis,
1169 2490 1392 2542 interposita

80 2548 309 2586 differentia.
365 2549 480 2588 Conf.
516 2563 603 2602 quae
631 2548 791 2587 inferius
820 2550 859 2587 in
889 2560 967 2602 cap.
994 2551 1034 2590 de
1060 2551 1190 2589 AEtat.
1220 2552 1390 2602 Convezs.

82 2606 307 2659 scripsimus⁵

714 2670 761 2722 D
802 2685 828 2731 3
1231 2669 1381 2718 batur.
