1871 3211
406 270 1103 320 CAUSSIS.
1313 287 1399 321 101

112 411 282 463 saeculis
306 412 537 468 vixerunt,
579 412 776 476 turpiter
800 412 846 458 in
872 410 1002 458 Artis
1035 410 1238 457 dedecus
1278 412 1400 461 luse-

111 487 218 545 rint,
245 501 291 535 et
333 487 379 534 in
423 486 743 550 nugacitatem
771 485 983 541 omnino,
1012 501 1172 531 eorum
1198 484 1402 532 sermone

108 560 507 624 degeneraverint,
550 560 725 623 quippe
763 559 845 623 qui
885 575 939 604 ea
963 575 1069 622 quae
1105 558 1162 604 ad
1188 575 1286 605 rem
1313 559 1401 605 mi-

107 636 232 683 nime
257 638 574 701 pertinebant,
606 635 1104 690 commemoraverint,
1130 633 1402 697 septemque

107 712 338 771 Pleiades,
382 726 427 760 et
453 712 692 775 utrimque
724 711 897 759 Ursam
921 709 1240 773 septistellam,
1274 711 1404 756 The-

108 783 368 850 barumque
394 784 575 848 insuper
594 784 970 848 septiportarum‚
998 782 1272 846 septemque
1300 776 1402 829 Nili

106 859 329 906 ostiorum
363 859 676 914 meminerint,
723 871 776 905 ut
823 874 875 904 ea
900 874 1009 904 cum
1058 857 1268 920 septimae
1311 856 1404 903 diei

107 933 396 992 circuitibus,
439 946 485 980 et
515 931 706 996 judiciis
745 931 1039 986 conferrent;
1078 947 1196 995 quos
1237 946 1405 977 omnes

108 1007 213 1055 salse
229 1008 496 1072 perstringit
513 1007 719 1054 Galenus
747 1007 799 1052 iis
824 1006 973 1062 libris,
1000 1022 1120 1070 quos
1141 1006 1198 1051 de
1218 1004 1405 1051 Diebus

107 1081 397 1129 Decretoriis
445 1080 663 1136 confecit,
713 1094 962 1144 quantum,
1014 1081 1222 1142 inquam,
1282 1078 1312 1124 ii
1359 1093 1406 1124 et

108 1156 263 1213 rebus,
296 1170 342 1202 et
370 1154 552 1218 judicio
591 1155 874 1200 erraverint:
926 1167 1054 1200 tanto
1098 1151 1403 1199 nihilominus

106 1221 310 1269 hominis
365 1239 476 1268 cum
530 1220 863 1283 circumposito
918 1234 1189 1266 caeterarum
1253 1234 1409 1264 rerum

107 1295 271 1341 ordine
314 1294 532 1341 consensu
581 1307 781 1350 extante,
840 1308 932 1338 non
973 1293 1019 1338 in
1070 1292 1195 1338 inani
1239 1302 1406 1338 verum

109 1370 365 1433 quaesiviffe
406 1370 626 1416 videntur
673 1367 767 1426 alii,
822 1365 1040 1412 vitalium
1091 1380 1309 1412 motuum
1343 1363 1405 1420 ,in

111 1459 309 1509 utraque
335 1443 599 1490 valetudine
636 1440 980 1503 regularitateS,
1018 1455 1127 1485 cum
1153 1439 1277 1485 statis
1302 1437 1406 1485 illa-

109 1535 214 1566 rum
239 1532 371 1566 extra
396 1517 638 1565 hominem
662 1514 865 1579 periodis
893 1512 1201 1560 conferentes.

173 1669 221 1711 4.
261 1653 420 1716 Qare
458 1666 567 1696 cum
609 1649 885 1696 ditiffimum
924 1647 1179 1694 effectuum
1218 1644 1403 1693 Princi-

107 1725 256 1789 pium,
301 1727 419 1772 inter
441 1723 600 1769 omnia
624 1722 907 1787 quibuscum
943 1721 1168 1776 vivimus,
1207 1734 1253 1764 et
1288 1735 1405 1764 con-

108 1801 354 1856 nutrimur,
403 1799 432 1845 ii
481 1798 602 1844 Solis
640 1799 815 1853 lucem,
858 1810 904 1842 et
947 1796 1106 1858 ignem
1155 1790 1404 1840 universim

107 1873 406 1938 putaviffent,
450 1873 561 1919 inde
586 1872 801 1934 gentium
821 1869 1149 1933 sapientissima
1178 1868 1294 1914 olim
1321 1867 1404 1912 ha-

110 1949 210 2000 bita
233 1948 334 1994 suos
359 1946 440 1992 sibi
465 1947 522 1992 ab
549 1947 666 2008 Igne
689 1959 736 1990 et
770 1945 880 1990 Sole
906 1946 1036 1990 Deos
1065 1941 1270 2004 sumpsit,
1298 1940 1399 1987 eos-

109 2040 201 2088 que
250 2020 495 2084 imprimiS,
546 2035 750 2083 quorum
813 2020 1055 2064 inventum
1104 2014 1399 2062 Medicinam

110 2095 418 2148 existimabat,
439 2093 586 2139 veluti
607 2094 761 2138 Orum
783 2104 827 2136 et
853 2091 1144 2153 Apollinem,
1159 2088 1403 2150 tenuitque

112 2174 171 2220 ab
196 2172 251 2218 iis
274 2169 467 2228 vitalem
492 2167 748 2231 quemdam
774 2165 1001 2228 Spiritum
1021 2165 1112 2211 late
1132 2165 1176 2211 in
1210 2179 1401 2209 omnem

112 2245 345 2295 mundum
363 2257 569 2297 manare,
595 2255 639 2287 et
664 2240 831 2286 cuncta
847 2238 1099 2301 complecti
1122 2257 1132 2287 :
1167 2235 1289 2284 unde
1317 2252 1400 2284 no-

115 2321 338 2369 tissimum
363 2317 479 2365 illud
501 2334 512 2363 :

192 2452 400 2505 Principio
421 2450 572 2491 coelum
588 2458 628 2489 et
649 2458 811 2498 terram,
844 2446 1084 2500 camposque
1104 2446 1320 2500 liquentes,

194 2517 502 2570 Lucentemque
523 2514 691 2569 globum
708 2512 851 2563 Lunae,
887 2512 1138 2565 Titaniaque
1154 2509 1258 2551 astra

196 2581 368 2633 Spiritus
390 2581 498 2620 intus
518 2578 587 2618 alit
600 2595 612 2626 3
642 2586 851 2631 totamque
874 2576 999 2616 infusa
1019 2590 1087 2628 per
1109 2585 1218 2615 artus

199 2645 321 2688 Mens
339 2647 465 2702 agitat
486 2644 648 2695 molem,
675 2653 716 2683 et
733 2657 885 2697 magno
905 2642 939 2683 se
960 2656 1127 2694 corpore
1150 2640 1300 2682 miscet.

698 2729 752 2776 H
789 2744 818 2799 3
1287 2723 1404 2771 Huc
