1871 3211
467 240 530 290 32
702 222 818 275 DE
873 223 1056 275 VIT.
1116 218 1500 272 PERIOD.

532 373 582 420 7.
619 361 945 423 Quamobrem
969 359 1118 406 intuta
1136 372 1298 405 eorum
1315 353 1492 419 judicia
1510 365 1641 418 put0,
1665 351 1749 418 ‘Ni
1816 379 1825 384 -

466 435 694 482 mensium
741 436 1036 482 cessationem
1084 434 1130 479 in
1167 431 1384 495 gravidis,
1421 448 1447 477 a
1483 427 1750 477 connutrito

467 502 588 553 foetu
612 507 857 554 derivant:
903 507 1109 554 multum
1146 504 1273 550 enim
1298 515 1472 558 contra,
1506 500 1750 563 respicien-

464 581 579 628 dum
619 581 681 627 est
726 581 785 627 ad
826 597 1002 628 novum
1033 580 1151 626 illud
1173 578 1397 626 universae
1426 578 1550 625 Vitae
1585 593 1750 640 genus,

464 653 696 720 novasque
720 672 776 701 ex
802 655 980 718 integro
1012 668 1229 701 motuum
1261 653 1605 717 proportiones,
1645 662 1752 714 quae

444 740 600 774 utero
637 728 904 791 gerentibus
947 729 1194 782 accidunt3
1243 738 1431 790 propter
1474 741 1596 789 quae,
1641 738 1752 769 cum

465 801 677 863 ingentes
714 802 826 846 fiant
865 801 912 847 in
952 818 1108 848 earum
1151 817 1340 862 corpore
1364 799 1661 853 diverfitates,
1703 796 1751 843 in

466 868 823 916 menstruatione
848 867 986 913 etiam
1012 884 1037 913 a
1072 867 1266 913 naturali
1293 880 1564 913 caeterarum
1604 862 1749 909 muli·-

467 956 595 985 erum
622 940 737 985 statu
762 941 1030 987 delicetunt.
1105 942 1278 1002 Neque
1303 938 1489 1002 prodest
1516 937 1749 1001 gravidas,

465 1011 824 1058 succulentiores
861 1014 1093 1060 mensibus
1142 1013 1394 1074 aliquando
1439 1011 1574 1066 affici,
1622 1009 1751 1073 quasi

465 1084 700 1146 reliqu-um
727 1085 904 1148 aliquid
929 1103 953 1130 a
972 1086 1114 1132 foetus
1138 1085 1402 1139 nutritione,
1428 1082 1609 1129 adsueta
1633 1083 1751 1130 uteri

464 1155 558 1211 via,
603 1156 689 1202 sese
727 1156 906 1203 fundat.
977 1158 1150 1203 Intueri
1197 1170 1400 1217 namque
1441 1166 1643 1216 oportet,
1692 1171 1750 1202 an

465 1245 560 1274 non
582 1229 827 1292 plusquam
845 1229 1073 1292 plethora,
1091 1229 1348 1291 plurimum
1369 1228 1427 1273 ad
1446 1229 1490 1273 id
1507 1230 1659 1274 valeat
1677 1229 1751 1276 in·

466 1300 736 1364 itajamque
756 1302 855 1357 diu,
877 1301 1101 1347 mensium
1115 1304 1147 1322 ¹¹
1168 1301 1478 1348 consuetudo:
1498 1301 1589 1347 five
1609 1301 1752 1350 etiam

466 1389 627 1420 earum
673 1374 968 1437 degeneratio
1005 1375 1159 1438 aliqua
1179 1391 1203 1420 a
1244 1375 1364 1430 sano,
1410 1387 1542 1420 utero
1582 1390 1751 1436 geren-

466 1445 603 1502 tium,
652 1446 769 1492 statu
795 1464 805 1492 :
856 1463 1056 1510 quorum
1100 1447 1384 1510 postremum
1408 1448 1750 1510 Hippocratica

465 1519 669 1565 maxime
693 1520 1007 1566 observatione
1048 1520 1210 1566 nititur
1230 1523 1278 1568 ¹².
1351 1521 1488 1566 Certe
1513 1521 1750 1578 laetantes,

466 1595 646 1641 tametfi
672 1596 776 1657 plus
800 1594 1047 1640 universim
1068 1609 1211 1656 quam
1248 1593 1470 1655 gravidae,
1520 1593 1566 1638 in
1593 1610 1751 1642 recens

468 1681 679 1714 natorum
705 1668 1007 1715 nutritionem
1034 1665 1287 1721 conferant,
1340 1666 1577 1729 saepiffime
1601 1668 1750 1715 adhuc

466 1755 804 1804 repurgantur:
843 1741 906 1787 est
929 1756 1084 1788 tamen
1112 1741 1156 1787 in
1181 1741 1456 1787 laetantium
1491 1758 1631 1804 opere
1664 1734 1765 1789 ali-‘

469 1818 586 1879 quld
628 1814 770 1870 aliud,
810 1830 978 1877 praeter
1016 1831 1193 1862 meram
1229 1815 1359 1861 laetis
1392 1816 1753 1874 ammiffionern,

468 1890 868 1937 confiderandum.

533 2026 578 2071 8.
622 2023 886 2070 Plurimum
910 2020 1138 2086 profectO,
1164 2020 1291 2085 quod
1319 2022 1515 2079 aiebam,
1548 2021 1629 2070 ista
1644 2019 1747 2071 uni-

470 2097 633 2144 veriim
658 2096 704 2142 in
730 2113 777 2142 re
798 2096 1117 2143 consuetudini
1143 2097 1349 2142 dandum
1376 2096 1453 2144 est.
1524 2098 1598 2143 Ut
1621 2097 1748 2144 enirn

460 2170 561 2233 jam
616 2170 822 2232 primum
882 2169 1124 2216 menstruae
1170 2168 1390 2231 ejusmodi
1441 2171 1747 2218 commotioni

467 2257 622 2291 uterus
661 2242 887 2301 adsuevit,
941 2241 1126 2288 eosdem
1165 2243 1396 2305 perpetim
1433 2258 1586 2291 motus
1625 2244 1748 2290 statis

515 2449 545 2467 ³¹
575 2444 690 2483 Conf.
713 2449 850 2485 Amaen.
869 2448 986 2514 Acar}
1018 2445 1113 2484 me.
1131 2445 1201 2484 IX.
1227 2447 1431 2487 Haemorrh.
1446 2449 1545 2487 Uter.
1550 2448 1623 2501 sub
1650 2450 1755 2488 Statu

459 2508 621 2546 Gravid.

516 2571 548 2589 ¹²
573 2568 611 2603 Si
628 2567 766 2604 mulieri
784 2578 879 2607 utero
902 2572 1037 2620 gerenti
1048 2573 1274 2620 purgationes
1283 2572 1468 2625 prodeant,
1500 2571 1690 2625 impofflbile
1708 2569 1757 2621 fi

448 2621 580 2669 foetzsm
596 2620 685 2655 rec‘Ye
701 2621 833 2657 valere,
886 2622 989 2669 Aph.
1008 2622 1092 2660 LX.
1120 2622 1205 2660 sect.
1225 2636 1260 2661 v,

1545 2680 1749 2745 periodis
