1871 3211
432 251 1124 300 CAUSSIS.
1328 267 1416 318 157

205 402 284 449 33.
305 386 412 434 Nec
432 396 557 430 certe
579 383 745 436 obstat,
770 384 898 447 quod
920 399 1012 429 non
1037 383 1095 428 ab
1119 399 1211 429 uno
1229 386 1422 435 eodem-

137 476 229 523 que
261 461 413 506 Lunae
445 457 595 522 pofitu
618 458 846 504 Mulieres
885 472 1049 504 omnes
1075 469 1310 517 regantur,
1345 478 1423 508 ea-

137 550 336 597 rumque
362 532 438 579 sua
462 549 668 596 quaeque
694 545 904 596 tempora
929 530 1167 595 speciatim
1204 531 1422 584 habeant.

137 608 263 655 Cum
289 607 462 654 etenim
484 606 663 669 integro
680 605 855 652 lunaris
896 605 1062 652 mensis
1083 606 1329 653 intervallo
1356 609 1425 655 la-

136 679 293 736 bente,
314 680 478 726 eadem
495 692 723 742 perpetuo
744 677 917 724 constet
936 678 1073 740 ignis,
1092 690 1137 724 et
1155 678 1326 727 lunaris
1351 682 1426 728 lu-

133 752 276 801 minis
318 754 363 800 in
392 753 720 816 Atmosphaera
750 752 1006 815 proportio,
1041 751 1237 817 jamque
1275 758 1424 804 unde-

138 844 343 893 cumque
369 829 544 876 menses
560 829 752 875 exordia
774 830 969 883 sumant,
1004 829 1231 876 consimili
1255 831 1425 881 iterum

137 903 350 950 confeCio
375 902 602 950 mensium
629 901 891 957 intervallo,
924 901 1186 966 eademque
1206 905 1426 953 confimi-

138 976 246 1023 liter
270 975 504 1022 calorifica
527 975 733 1021 materiei
775 975 1033 1039 quantitate
1064 976 1108 1022 in
1148 993 1316 1041 corpus
1352 996 1426 1026 re·

136 1049 334 1114 sumpta,
360 1050 485 1096 idem
509 1050 869 1097 constantiffime
895 1051 1065 1097 redibit
1087 1049 1266 1107 senfim,
1294 1055 1424 1102 calo-

139 1128 201 1175 ris
226 1128 271 1174 in
298 1143 510 1190 corpore,
536 1140 581 1173 et
607 1127 1045 1174 inflammabilitatis
1064 1129 1288 1176 excessus.
1316 1130 1426 1178 Cae-

138 1214 292 1248 terum
329 1200 557 1248 mensium
577 1201 834 1256 intervalla,
871 1200 973 1248 aliis
998 1202 1194 1265 quidem
1218 1201 1428 1253 foeminis

139 1276 354 1339 longiora
395 1276 517 1332 sunt,
557 1275 747 1339 aliisque
770 1276 1000 1332 breviora,
1035 1289 1087 1322 ut
1113 1293 1203 1323 non
1228 1279 1428 1327 eandem

138 1347 263 1411 ignei
288 1349 505 1412 principii
548 1350 867 1404 accessionem,
901 1348 1033 1396 statas
1069 1350 1284 1398 vitalium
1319 1369 1428 1400 mo-

139 1436 277 1470 tuum
287 1422 854 1480 converfiones,omnibus
868 1423 1099 1471 concitare
1111 1424 1337 1472 credibile
1352 1427 1423 1475 fit.

207 1585 289 1631 34.
327 1570 561 1628 ProfecftQ
589 1571 619 1618 s1
645 1584 878 1635 quantum
899 1572 1037 1620 maris
1071 1588 1214 1637 aquas
1250 1573 1426 1624 lunaris

140 1642 295 1689 fideris
321 1645 592 1691 attractione
610 1645 899 1692 commoveri
927 1645 1095 1692 idoneo
1121 1661 1426 1709 argumento-

139 1732 242 1763 rum
287 1733 454 1780 genere
500 1718 774 1777 ostendstur,
829 1719 1107 1766 tantundem
1171 1721 1428 1770 menstruas

139 1793 265 1840 Vitae
284 1793 638 1841 consuetudines
666 1793 893 1841 consimili
913 1795 1169 1840 cauffarum
1195 1795 1428 1844 interven«-

140 1879 190 1913 tu
208 1867 403 1924 moveri,
428 1868 603 1914 ostendi
623 1869 787 1930 poffer,
804 1867 886 1913 vix
906 1868 1042 1914 multi
1068 1868 1188 1914 inter
1203 1871 1427 1919 Medicos

141 1955 310 1986 vanam
335 1941 460 2002 quas1
485 1954 530 1986 et
549 1939 915 2004 superstitiosam,
954 1941 1000 1986 id
1024 1956 1188 2003 genus,
1218 1944 1427 1992 confide-

142 2013 370 2061 rationem
391 2013 590 2075 amplius
610 2013 921 2076 repudiarent.
973 2012 1066 2058 Sed
1091 2014 1260 2076 pariter
1285 2029 1427 2081 atque

142 2087 347 2152 plurima
372 2087 419 2133 in
447 2088 671 2144 foeminiS,
704 2087 930 2134 mensium
951 2086 1254 2135 inconstantia
1279 2090 1332 2137 iis
1356 2092 1428 2139 in-

143 2160 344 2215 cusatur,
369 2161 518 2206 multa
544 2177 752 2223 quoque,
779 2176 883 2223 quae
907 2159 964 2205 de
986 2159 1180 2206 aestuum
1206 2161 1252 2207 in
1282 2163 1426 2211 mari-

142 2235 227 2280 bus
252 2234 605 2296 irregularitate,
630 2247 790 2281 contra
821 2232 1191 2297 spe&atiffimam
1219 2236 1426 2286 Phifico-

141 2326 246 2356 rum
265 2309 535 2372 opinionem
557 2323 767 2372 arguant,
792 2310 985 2356 habent.
1034 2310 1230 2357 Alicubi
1253 2313 1426 2361 etenim

140 2383 271 2430 aestus
307 2384 386 2430 vix
411 2384 637 2431 notabiles
675 2384 793 2440 sunt,
832 2384 980 2431 veluti
1006 2384 1051 2431 in
1074 2385 1428 2436 Mediterraneo

142 2457 278 2513 mari,
304 2457 533 2522 planeque
560 2458 652 2504 fere
680 2458 726 2504 in
752 2458 805 2504 iis
846 2458 1023 2514 desunt,
1057 2475 1162 2522 quae
1199 2473 1318 2507 terra
1356 2462 1424 2508 la-

144 2547 285 2578 cuum
330 2531 469 2579 instar
506 2533 803 2579 clauduntur.
873 2533 1003 2580 Alibi
1043 2534 1238 2581 trihorio
1273 2536 1426 2583 fluunt

141 2621 290 2668 aquae,
315 2619 361 2652 et
385 2623 555 2654 novem
580 2607 796 2662 refluunt,
822 2606 1069 2670 fluuntque
1093 2609 1267 2671 septem
1295 2610 1423 2666 alibi,

141 2692 187 2726 et
212 2679 420 2743 quinque
444 2681 647 2728 refluunt
680 2679 822 2729 horis.
895 2680 1048 2728 AEstus
1088 2681 1196 2729 alibi
1239 2681 1422 2728 bihorio

1206 2754 1424 2817 perdurat
