1871 3211
437 275 1136 327 CAUSSIS.
1342 280 1434 342 189

147 412 281 459 simul
307 410 619 474 mephitidem
645 412 867 467 enervari,
896 425 1005 456 cum
1030 423 1178 470 eaque
1205 409 1438 458 minorem

151 484 635 549 dephlogisticationis
678 500 724 531 et
761 485 989 532 mensium
1024 483 1338 532 neceffitatern
1365 487 1438 534 in-

147 576 344 616 currere,
371 558 467 606 veri
492 558 554 606 est
581 558 894 606 slmillirnurn.

213 722 294 770 34.
324 709 501 755 Praeter
521 721 645 770 quae,
672 705 719 752 in
746 705 834 751 alia
857 704 1014 761 etiarn,
1044 721 1151 768 quae
1174 704 1292 751 uteri
1320 705 1440 762 sunt,

148 783 307 847 quoad
351 783 581 828 mentium
633 781 949 836 ceffationem‚
1002 780 1160 827 animo
1202 780 1443 829 advertere

148 855 326 901 necefl'e
351 854 428 900 est.
507 852 647 900 Uteri
689 852 920 916 siquidem
947 851 1217 911 substantia,
1257 854 1444 902 labente

148 928 279 984 V‘ita,
305 927 465 974 sensim
489 926 795 988 compaffior,
836 923 1057 972 confertis
1083 925 1316 972 cellulosae
1340 928 1447 975 telae

155 1001 326 1058 stratis,
369 1002 541 1065 quibus
566 1001 682 1047 uteri
718 1000 847 1046 fibrae
871 1001 1078 1063 undique
1121 1000 1444 1063 implicantur,

152 1090 263 1119 cum
290 1088 426 1122 aetate
464 1072 859 1128 solidescendbus,
903 1086 1130 1136 perpetuo
1168 1074 1321 1122 minus
1348 1077 1449 1123 ani--

152 1147 266 1194 mali
315 1148 476 1203 halitu,
520 1160 565 1193 et
601 1147 945 1209 praeterfluente
985 1162 1094 1193 cum
1134 1164 1190 1194 eo
1227 1148 1450 1212 sanguine

153 1220 457 1284 penetrabilis
497 1220 669 1266 evadit.
739 1219 819 1267 Ad
859 1236 965 1283 quae
990 1220 1216 1267 mensium
1243 1222 1450 1285 impedi-

154 1310 331 1351 menta,
369 1296 548 1341 accedit
590 1295 788 1357 amplior
822 1296 1195 1344 abdominalium
1220 1297 1451 1346 viscerum

155 1369 389 1416 distensio.
461 1372 772 1433 Qarnquam
798 1370 972 1416 etenim
1015 1386 1120 1417 earn
1158 1372 1362 1418 maxime
1386 1373 1451 1419 se-

156 1443 267 1489 dern
332 1457 491 1490 uterus
548 1457 721 1501 teneat,
771 1460 877 1506 quae
926 1445 1179 1492 commode
1225 1446 1454 1510 ejusmodi

158 1521 437 1582 pressionem
466 1520 637 1576 eludat,
666 1519 873 1566 universa
905 1533 1063 1569 tamen
1090 1522 1279 1570 illorum
1304 1524 1455 1572 moles

159 1593 350 1648 auctior,
378 1608 424 1640 et
450 1611 543 1656 prae
568 1595 748 1642 caeteris
773 1594 1111 1654 intestinorum,
1137 1597 1219 1644 vix
1246 1614 1342 1645 non
1366 1598 1455 1645 ali-

157 1666 275 1728 quid
322 1668 519 1715 uterinae
576 1667 673 1732 ejus
722 1668 870 1715 aetatis
918 1669 1186 1717 dilatationi
1232 1672 1453 1719 obstabit.

156 1739 375 1786 'Primum
398 1741 540 1803 igitur
556 1741 871 1803 irregulariter
889 1741 1067 1788 menses
1086 1743 1228 1791 fluere
1248 1758 1454 1808 oportet,

161 1830 218 1859 ex
243 1814 463 1862 celluloso
488 1816 605 1861 uteri
643 1829 786 1871 textU,
830 1831 927 1863 non
960 1817 1212 1865 univerfim
1248 1819 1458 1867 similiter

163 1887 353 1934 densato
378 1903 391 1934 ι
432 1886 689 1950 cujusmodi
729 1888 960 1936 notiffima
984 1890 1108 1952 apud
1130 1892 1308 1951 {omnes
1333 1906 1458 1939 extat

163 1961 423 2009 observatio
444 1979 454 2007 :
497 1979 553 2008 ex
576 1978 724 2026 eaque
750 1962 953 2025 impetus
979 1964 1313 2028 irregularitate
1338 1984 1460 2016 nova

164 2050 382 2083 motuum
405 2036 528 2082 Vitae
553 2035 688 2082 series
710 2036 932 2099 incipiet:
969 2038 1027 2085 de
1052 2055 1146 2102 qua
1169 2057 1282 2088 mox
1302 2041 1439 2089 infra.

235 2197 316 2245 35.
355 2182 426 2229 Ea
451 2198 652 2245 namque
687 2181 900 2229 animalis
935 2185 1207 2249 mephitidis
1233 2188 1327 2247 via,
1351 2189 1459 2253 plus

170 2255 332 2303 sensim
358 2255 614 2320 sensimque
638 2255 912 2318 praepedita,
950 2273 1099 2322 eaque
1133 2258 1256 2308 intus
1281 2261 1329 2309 in
1355 2278 1461 2310 cor-

166 2418 255 2442 curn
276 2418 400 2455 eoque
420 2406 558 2445 caloris
579 2407 788 2454 materiem,
815 2406 869 2445 ita
888 2407 1021 2446 vitales
1050 2421 1176 2449 motus
1196 2412 1403 2460 concitare,
1434 2423 1474 2451 et

165 2466 343 2517 vigorate
362 2467 551 2519 concipio,
583 2480 625 2505 ut
641 2469 778 2515 cleosa,
811 2479 848 2506 et
874 2469 1165 2511 inflammabilia
1181 2474 1367 2527 principia
1383 2475 1475 2513 inde

168 2525 323 2562 uberius
345 2526 384 2563 in
404 2527 506 2564 omni
526 2527 755 2578 proveniant
775 2542 947 2580 corpore.
1003 2531 1065 2570 Sic
1080 2533 1248 2572 diximus
1267 2535 1472 2581 odorifera,

165 2585 308 2631 cleosa,
329 2595 365 2622 et
386 2586 548 2624 resinosa
567 2587 791 2624 Plantarum
815 2588 1005 2640 principia
1033 2591 1078 2629 iis
1097 2592 1251 2632 uberius
1272 2594 1365 2632 locis
1383 2608 1471 2644 pro-

170 2642 318 2688 venire,
348 2657 436 2694 quae
469 2645 543 2683 late
577 2645 797 2695 splendente
831 2648 907 2685 sole
941 2648 1193 2702 illustrantur,
1220 2654 1286 2693 seu
1304 2666 1393 2705 quae
1412 2653 1475 2692 de·

168 2702 398 2755 phlogistico
418 2718 516 2752 aere,
546 2714 584 2744 et
603 2704 742 2745 caloris
764 2709 920 2748 materie
940 2709 1150 2755 abundant.

1380 2789 1475 2837 pus
