1871 3211
409 238 1117 288 SANORUM.
1380 257 1412 305 9

182 387 233 436 7.
273 372 348 420 At·
368 383 494 420 certe
514 388 626 421 cum
659 386 824 420 eorum
856 370 1077 436 plurima,
1110 386 1216 434 quae
1235 371 1413 421 dormi-

119 459 245 495 entes
270 444 466 504 facium,
515 447 842 510 perdifficilem
869 447 918 494 'm
937 445 980 493 se
1013 444 1242 492 rationem
1268 447 1413 493 habe-

118 531 211 575 ant,
246 520 509 567 verosimile
548 521 611 568 est
653 537 709 566 ex
756 519 848 567 illis
882 520 1033 566 multa
1065 518 1313 582 plusquam
1358 521 1414 568 ab

114 594 350 656 operantis
375 595 637 651 voluntate,
685 612 711 641 a
729 594 1074 642 consuetudinis
1096 593 1142 640 vi
1166 594 1414 658 proficisci,

113 667 179 716 ita
204 682 378 727 tamen,
416 683 467 717 ut
487 669 890 727 consuetudinem,
930 671 1072 733 longa
1099 669 1416 717 confimilium

114 742 382 790 motionum
423 743 560 791 series
589 760 725 792 antea
750 744 978 791 effecerit.
1059 743 1220 807 Hujus
1258 743 1417 791 census

112 814 234 872 sunt,
261 834 370 882 quae
392 819 450 865 de
477 818 762 867 somnabulis
780 835 1036 869 narrantur.
1082 822 1337 867 Notissima
1355 819 1421 868 est

114 889 290 938 Clerici
333 891 573 955 cujusdam
614 895 815 950 historia,
859 895 942 958 qui
980 894 1061 940 sub
1087 894 1248 940 adulta
1281 894 1418 944 nofte

113 965 234 1013 lecto
261 968 563 1032 consurgens,
604 970 750 1018 sacras
794 972 1045 1018 conciones
1077 969 1417 1025 conscribebat,

115 1040 280 1105 easque
306 1042 430 1090 clara
452 1045 651 1091 leetione
670 1046 874 1109 legebat,
908 1045 1168 1092 numerosae
1192 1044 1417 1091 orationis

115 1118 268 1164 cultor
303 1120 686 1182 castigatiffimus.
782 1123 844 1178 Is,
906 1139 1015 1168 cum
1057 1122 1192 1167 unius
1218 1120 1417 1184 jamque

113 1190 355 1253 exscriptae
401 1193 532 1238 vocis
571 1188 694 1250 loco,
744 1196 940 1242 alteram
965 1186 1228 1250 suffecisset,
1279 1194 1418 1240 litura

115 1265 454 1312 accuratissime
477 1266 701 1323 adbibita,
727 1284 899 1314 novam
919 1267 1063 1330 priori
1097 1284 1264 1314 vocem
1306 1268 1417 1314 sub-

115 1338 278 1392 stituit.
352 1340 525 1403 Neque
574 1339 653 1386 ille
693 1354 851 1387 tamen
884 1341 1007 1388 visus
1048 1357 1224 1404 organo
1272 1341 1416 1404 quid-

114 1428 259 1475 quam
295 1412 536 1470 utebatur,
591 1414 757 1460 cuneta
789 1430 872 1476 per
925 1415 1103 1460 tactum
1141 1426 1187 1460 et
1226 1414 1421 1461 consue-

114 1485 334 1532 tudinem
361 1485 420 1531 ad
439 1485 714 1550 prodigium
736 1485 881 1551 usque
910 1503 1147 1551 exequens
1166 1495 1205 1533 4.

183 1641 228 1688 8.
266 1640 442 1704 Neque
466 1639 669 1689 dubium
695 1643 761 1691 est
787 1641 1134 1689 consuetudinis
1183 1642 1229 1689 in
1257 1642 1420 1689 somno

112 1713 229 1773 yim,
271 1713 495 1763 animalia
537 1715 746 1763 similiter
770 1718 967 1763 afficere.
1042 1716 1275 1764 Nobilem
1303 1715 1420 1762 ado-

114 1788 421 1837 lescentulam
463 1790 591 1847 novi,
638 1807 746 1856 quae
771 1791 829 1838 ad
855 1793 1056 1840 multam
1081 1793 1207 1840 diem
1234 1792 1279 1839 in
1319 1809 1424 1840 me-

114 1865 283 1913 ridiem
324 1866 470 1931 usque
530 1864 802 1914 obdormire
843 1866 976 1915 solita
1031 1883 1155 1916 erat:
1228 1868 1274 1914 in
1323 1867 1422 1931 ejus

116 1941 399 1989 cubiculum
442 1942 645 1990 admiffo
675 1943 852 2000 catulo,
877 1942 1010 2007 cujus
1054 1943 1252 1990 domina
1295 1943 1422 1993 circa

117 2031 291 2063 nonam
313 2019 568 2080 expergisci
597 2019 915 2075 consueverat,
944 2021 980 2065 is
1001 2019 1059 2064 ad
1085 2035 1275 2077 nonam,
1307 2020 1423 2067 ado--

118 2090 388 2137 lescentulae
414 2091 575 2137 cubile
599 2092 839 2154 unguibus
856 2092 1077 2155 scalpere,
1123 2107 1223 2139 tum
1254 2096 1299 2139 in
1325 2093 1424 2157 ejus

119 2163 395 2211 dormientis
420 2163 594 2212 faciem
618 2165 824 2212 molliter
849 2183 1113 2222 occurrere,
1154 2179 1255 2213 tum
1281 2167 1425 2223 lintea

118 2238 394 2286 admordere
437 2239 604 2301 coepit,
643 2239 793 2287 donec
836 2240 993 2304 puella
1040 2240 1202 2288 somno
1243 2241 1422 2288 excita-

117 2325 264 2357 retur.
338 2313 466 2359 Cum
491 2329 604 2359 vero
630 2314 709 2359 illa
732 2330 830 2377 prae
855 2314 1139 2369 morositate,
1166 2330 1221 2361 eo
1246 2330 1271 2360 a
1288 2315 1424 2361 cubi-

119 2387 228 2432 culo
268 2386 454 2448 fugato,
498 2387 649 2434 rursus
687 2386 852 2434 somno
885 2386 1171 2451 indulgeret,
1214 2401 1318 2435 tum
1345 2406 1424 2436 ca-

120 2461 248 2508 tulus
272 2457 490 2522 ejulando
515 2478 688 2524 magno
731 2479 919 2510 rumore
955 2475 1106 2526 portae
1143 2462 1419 2527 adlatrabar,

403 2668 422 2690 ⁴
454 2663 571 2707 Conf,
607 2666 808 2723 Enciclop„
837 2669 1156 2716 Arthomnabulcq

1273 2743 1426 2801 donee
