1871 3211
425 331 1114 384 CAthsxs.
1326 344 1410 395 151

138 469 187 517 in
207 483 457 532 corporum
494 466 724 516 denfitate
772 463 974 513 mutatio
1000 459 1187 516 accidit,
1222 459 1268 506 in
1309 463 1422 509 den·

111 542 310 613 ⁷florem,
353 543 444 590 slve
485 543 531 590 in
574 542 794 589 rariorem
839 553 1126 603 compagem
1174 534 1418 593 transeant,

109 613 243 680 “quin
268 618 402 666 fimul
429 618 676 668 calorificae
700 615 926 682 materiei,
955 627 1033 660 aut
1065 609 1253 658 latentis
1280 609 1419 672 ignis,

123 707 230 754 pars
257 692 428 756 aliqua,
468 693 514 739 in
550 708 603 739 ea
639 691 843 755 partium
883 687 1230 750 disgregatione
1273 683 1422 730 exsol-

127 776 279 821 vatur,
315 778 360 812 et
400 764 548 812 libera
593 777 727 812 extus
769 776 1010 825 erumpat:
1046 776 1187 824 quare
1224 758 1269 804 in
1308 757 1422 821 ejus-

127 839 255 886 modi
282 855 529 905 corporum
564 840 756 887 tranfitu
783 837 1005 885 senfibilis
1033 837 1174 891 calor,
1213 846 1259 880 et
1286 835 1422 880 flam-

125 928 204 960 ma
249 914 502 978 aliquando
536 914 715 969 oritur3
753 912 883 977 quod
924 927 1070 975 genus
1106 907 1423 972 experimenta

124 986 274 1033 multa
298 987 418 1044 satiS,
449 1000 495 1034 et
520 986 752 1034 notissima
781 986 826 1032 in
847 984 1084 1039 Chimica,
1113 982 1254 1046 inque
1281 980 1423 1027 histo-

123 1059 192 1108 ria
216 1059 584 1109 fermentationis
611 1077 706 1124 prae
733 1059 914 1123 primis,
941 1069 1114 1104 extant.
1170 1057 1421 1119 Propterea

125 1145 305 1180 mutata
328 1150 580 1198 corporum
604 1149 853 1196 compage,
890 1144 1040 1178 certus
1063 1146 1226 1176 eorum
1252 1125 1419 1174 caloris

125 1206 311 1264 modus,
348 1224 550 1271 eumque
576 1207 831 1270 recipiendi
854 1205 1066 1269 potestas,
1088 1202 1295 1250 similiter
1315 1217 1422 1247 mu-

125 1291 300 1328 tantur.
373 1283 502 1344 Ergo
541 1298 597 1327 ex
631 1280 972 1327 verifimillimo
998 1277 1110 1323 aeris
1137 1276 1245 1323 aestu
1272 1290 1419 1337 prop-

123 1365 194 1400 ter
232 1356 388 1402 Lunae
430 1354 769 1410 attraetionezm
807 1369 908 1398 aere
948 1350 1113 1398 exinde
1151 1348 1419 1403 rarescente,

124 1429 276 1475 multa
307 1428 519 1492 undique
547 1427 711 1475 caloris
741 1426 956 1473 materies
981 1425 1038 1470 ab
1064 1423 1160 1485 ipso
1196 1421 1419 1469 excluda-

124 1515 200 1549 tur
224 1506 401 1552 neceffe
425 1504 503 1560 est,
541 1519 648 1567 quae
671 1515 916 1566 propterea
956 1515 1049 1546 non
1077 1497 1329 1544 minimum
1362 1497 1418 1542 ad

126 1592 247 1633 eam,
297 1594 441 1643 quam
465 1576 744 1641 quaerimus,
795 1574 988 1622 effectus
1039 1572 1260 1628 cauffam,
1303 1586 1421 1618 con-

125 1650 259 1700 ferat.

192 1815 270 1849 22.
309 1802 480 1864 Neque
504 1798 703 1863 prodest,
738 1798 920 1844 nullum
964 1812 988 1841 a
1014 1795 1172 1841 coacta
1214 1793 1260 1840 in
1283 1792 1420 1840 ville-

124 1873 306 1921 tianum
332 1873 575 1934 speculum
608 1872 986 1937 splendidiffimae
1011 1872 1165 1916 Lunae
1191 1869 1311 1922 luce,
1338 1883 1419 1914 ca-

123 1947 238 1993 loris
278 1945 505 1993 indicium
542 1946 880 1991 thermometro
905 1943 1072 2006 prodi:
1116 1941 1419 2004 quandoqui—

123 2020 231 2066 dem
259 2018 454 2067 minima
477 2018 686 2065 similiter
712 2017 757 2063 in
798 2017 1067 2063 barometro
1104 2017 1258 2060 Lunae
1297 2014 1418 2061 actio

125 2092 319 2145 constat,
362 2091 538 2136 tametsi
563 2088 939 2152 Atmosphaeram
978 2089 1036 2134 ab
1072 2103 1126 2133 ea
1153 2103 1245 2133 non
1274 2087 1416 2133 mini-

123 2181 257 2214 mum
286 2164 592 2219 commoveri,
630 2179 773 2226 quam
813 2163 1084 2225 proximum
1120 2177 1230 2207 vero
1256 2161 1418 2207 creda-

126 2252 215 2286 tur.
309 2242 377 2285 At
422 2255 476 2285 ea
522 2236 716 2300 quidem
780 2235 954 2282 lunaris
1009 2234 1199 2281 luminis
1257 2233 1417 2280 raritas

124 2313 204 2369 est,
263 2325 314 2358 ut
359 2311 439 2358 vix
495 2327 604 2357 cum
651 2309 780 2356 solari
831 2307 1159 2371 comparabilis
1206 2306 1276 2362 fit,
1346 2322 1415 2353 ta—

124 2388 255 2436 metsi
301 2386 609 2450 ingentiffime
653 2384 923 2431 ardentibus
961 2382 1092 2430 vitris
1132 2382 1341 2430 densetur
1363 2385 1417 2427 ¹².

169 2576 202 2595 ³²
233 2572 438 2622 Speculum
469 2571 603 2608 ardens
624 2569 846 2615 maximum,
882 2582 960 2620 quo
989 2567 1051 2607 Cl.
1073 2569 1129 2606 De
1149 2569 1186 2606 la
1213 2566 1310 2606 Hire
1331 2565 1420 2604 usus

114 2632 179 2680 est,
201 2632 324 2670 radios
343 2632 428 2669 solis
453 2630 594 2681 306ieS‚
628 2640 777 2668 tantum
798 2630 985 2668 denfiores
1022 2629 1137 2667 facit:
1171 2628 1422 2681 quamobrem

113 2696 268 2733 Lunare
288 2695 416 2730 lumen
436 2691 475 2728 in
501 2704 548 2728 eo
571 2689 738 2728 similiter
757 2692 963 2729 comestum
992 2703 1110 2742 quam
1129 2688 1337 2741 longiflime
1358 2688 1421 2725 ad-

110 2756 186 2796 huc
204 2768 225 2793 a
244 2752 374 2792 solaris
395 2750 547 2790 luminis
567 2750 752 2790 densitate
774 2749 898 2790 distat.

741 2816 789 2862 L
826 2836 857 2874 4
1272 2810 1407 2856 Iliam
