1871 3211
981 132 1003 151 1

459 289 554 334 140
689 271 807 323 DE
864 273 1050 323 VIT.
1109 276 1502 328 PERIOD.v

460 408 690 473 gravitate
711 421 930 472 regantur
954 420 1156 468 tantum,
1197 411 1275 458 sed
1298 425 1343 458 et
1366 412 1629 476 plurimum
1655 413 1746 461 cir-

459 483 668 532 cumfusa
692 484 856 531 caloris
882 485 1101 531 materie:
1139 503 1231 550 qua
1271 487 1583 551 hidrargirum
1615 487 1746 536 sube-

457 572 585 617 unte,
628 559 820 623 ejusque
846 560 1012 607 exinde
1036 562 1171 608 aufto
1195 562 1464 622 volumine,
1506 563 1644 611 altior
1668 564 1749 612 iste

457 637 728 697 provehitur
749 653 760 683 ε
795 650 848 683 ut
870 651 1116 702 propterea
1155 637 1433 685 insenfibiles
1459 654 1604 686 aereae
1624 640 1749 703 pres-

457 711 595 760 fionis
615 714 915 769 mutationes,
948 714 1102 760 intuto
1135 713 1415 776 plerumque
1437 713 1586 776 signo,
1626 715 1751 763 illius

450 783 635 848 judicio
669 788 938 851 prodantur.
1011 789 1229 846 Diurnae,
1278 787 1604 845 nihilominus,
1667 790 1750 836 ba-

460 861 725 908 rometricae
748 860 1015 906 variationis
1060 860 1186 922 figna
1228 876 1375 922 nuper
1413 863 1753 911 accuratissimo

455 933 841 982 observationum
877 947 1045 996 genere
1078 932 1351 995 prosecutus
1395 934 1457 979 est
1499 935 1576 981 Ill.
1602 934 1752 985 Wans

459 1006 667 1055 WVinden
685 1009 722 1052 ⁴.

527 1155 574 1202 6.
613 1153 930 1217 Qamaxime
970 1167 1084 1200 vero
1121 1155 1381 1201 cavendum
1409 1154 1486 1212 est,
1531 1171 1588 1202 ne
1626 1158 1754 1220 quod

460 1230 660 1278 minima
684 1232 876 1277 aLunae
901 1228 1301 1286 converslonibus,
1328 1230 1577 1278 barometri
1603 1234 1755 1280 varia-

462 1303 530 1350 tio
571 1304 761 1361 constet,
804 1303 1092 1350 confimilem
1134 1320 1186 1350 ea
1213 1317 1402 1367 propter
1442 1306 1753 1355 immutabili-

462 1388 609 1424 tatem
634 1377 911 1423 animalium
933 1368 1090 1423 fluidis
1108 1376 1385 1433 tribuamus,
1412 1393 1613 1441 quorum
1638 1379 1755 1425 den-

462 1451 614 1499 sitates
650 1468 795 1516 quam
834 1450 1102 1512 longiffime
1150 1452 1206 1497 ab
1248 1451 1491 1514 hirii-argiri
1535 1452 1758 1498 densitate

462 1526 643 1572 absunt.
735 1527 1018 1572 Humanum
1069 1525 1280 1587 profecto
1327 1542 1514 1589 corpus,
1577 1525 1753 1588 potissi-

464 1614 618 1654 mum,
651 1600 682 1646 fi
718 1616 810 1662 qua
852 1598 1104 1645 imbecillae
1143 1599 1422 1645 valetudinis
1460 1600 1610 1645 cauffa
1651 1614 1754 1645 cor·

462 1671 713 1733 rumpitur,
762 1671 939 1718 caeteris
964 1671 1321 1736 quibuscunque
1362 1671 1586 1733 praecellit
1625 1686 1755 1717 aero-

466 1746 644 1802 metris‚
671 1762 872 1809 quorum
892 1746 1053 1801 ductu,
1089 1759 1168 1790 aut
1190 1743 1376 1807 frigoris
1400 1743 1654 1808 calorisque
1683 1761 1754 1792 ra-

466 1818 616 1865 tiones
660 1819 706 1865 in
734 1817 1041 1881 atmosphaera
1078 1817 1395 1872 subducimus,
1441 1828 1519 1862 aut
1558 1817 1616 1863 de
1641 1819 1753 1876 udo,

465 1889 678 1952 sudoque
704 1891 845 1945 coelo,
886 1890 1125 1936 serenitate
1146 1902 1224 1935 aut
1256 1889 1462 1953 procella
1487 1904 1598 1935 mox
1618 1906 1754 1954 erup-

466 1963 597 2019 turis,
625 1964 870 2027 augurium
895 1962 1137 2010 sumimus.
1210 1965 1367 2025 Qare
1404 1978 1511 2008 cum
1532 1962 1755 2012 secuturae

467 2038 749 2103 tempestatis
778 2038 1016 2102 judicium
1059 2039 1184 2085 irrito
1231 2037 1348 2100 saepe
1386 2038 1586 2085 successu
1621 2039 1756 2086 baro-

465 2114 641 2170 metris,
669 2112 820 2176 eisque
843 2112 1176 2160 aestimatiffimi
1204 2110 1383 2157 artificii
1413 2111 1754 2171 commisissem,

467 2185 585 2249 saepe
633 2199 780 2249 captae
830 2185 877 2232 in
918 2185 1096 2232 morbis
1146 2183 1489 2232 observationes
1529 2185 1756 2233 tutiffimo

468 2261 582 2307 mihi
622 2260 787 2307 inditio
826 2259 972 2315 fuere,
1011 2258 1134 2322 apud
1189 2259 1439 2306 illiusmodi
1479 2273 1756 2322 aegrotantes

471 2332 719 2396 imprimis,
746 2349 949 2398 quorum
974 2345 1217 2378 tenuatum
1236 2333 1359 2379 Vitae
1383 2335 1540 2389 robur,
1563 2332 1756 2397 adjunc-

468 2418 623 2469 taeque
647 2425 802 2470 pravae
829 2407 948 2454 cutis
974 2406 1300 2462 ulcerationes,
1330 2407 1601 2454 cachoetico
1631 2407 1756 2454 fimi-

470 2479 564 2527 lem
582 2482 788 2544 corporis
809 2480 1020 2528 habitum
1040 2480 1307 2527 effecerant.
1335 2479 1628 2544 Cujusmodi,
1648 2486 1755 2526 cum

663 2673 681 2696 4
708 2671 814 2709 Elem.
833 2674 872 2710 de
882 2672 1026 2711 l‘Acad.
1047 2674 1086 2710 de
1104 2673 1301 2720 Bruffelles.
1323 2671 1417 2711 me.
1438 2670 1515 2710 ΙΙΙ.

1610 2733 1758 2782 multa
