1871 3211
471 280 531 314 ρο
724 264 839 317 DE
905 259 1547 321 VIT.PER10D.

465 412 661 464 utraque
716 409 870 443 tamen
912 394 1159 442 nutriendo
1201 390 1458 448 conferunt,
1510 402 1565 436 ut
1606 387 1747 436 etiarn

465 471 713 520 tenuiffimi
738 470 1174 531 circumpofitorum
1213 481 1465 528 corporum
1496 463 1662 510 halitus
1699 461 1748 506 in

468 543 741 591 exhaustum
783 542 980 588 animale
1019 539 1207 602 resorpti
1245 537 1501 591 nutriend0‚
1544 535 1619 581 vel
1661 534 1748 581 sal-

467 629 565 664 tem
594 617 718 663 Vitae
744 615 1004 671 incitandae,
1029 627 1075 660 et
1083 612 1323 676 juvandae,
1349 609 1617 673 aliquandiu
1641 623 1749 672 pro-

465 693 569 740 sint.

537 853 559 884 1
573 853 612 884 1.
627 838 857 885 Praeterea
873 833 1246 897 distinguendum
1262 831 1325 878 est
1342 831 1588 884 inteream,
1606 841 1750 891 quam

464 909 651 973 proprie
665 908 775 954 chili
791 906 1129 954 confeffioriem
1147 902 1519 952 etNutritionem
1537 900 1750 948 nomina-

465 1001 586 1039 mus,
605 998 650 1030 et
667 984 872 1038 alteram,
890 999 996 1045 quae
1011 997 1117 1028 cum
1132 980 1402 1042 Digestione
1415 977 1623 1024 similiter
1633 993 1750 1024 con-

457 1054 691 1118 jungitur,
735 1054 1002 1100 intestinalis
1040 1052 1202 1099 fistulae
1227 1051 1474 1105 affionem,
1510 1050 1751 1113 propriam

464 1143 635 1189 nempe
660 1138 1064 1172 excrementorum
1091 1138 1138 1170 et
1162 1124 1368 1169 stercoris
1388 1124 1715 1169 formationem
1736 1141 1748 1170 ε

463 1200 545 1246 sub
574 1198 652 1245 ista
671 1197 814 1252 enim,
852 1213 957 1261 quae
980 1195 1259 1261 postremam
1285 1193 1576 1256 Digestionis
1595 1194 1751 1257 perio-

462 1271 578 1317 dum
609 1268 959 1329 compIeffnw,
999 1283 1169 1329 magna
1205 1265 1555 1313 inflammabilis
1580 1280 1627 1313 et
1651 1283 1751 1313 me-

464 1338 630 1402 phitici
679 1339 796 1397 aeris
838 1340 973 1401 copia
998 1338 1043 1384 in
1081 1338 1304 1384 intestinis
1349 1336 1582 1392 densatur,
1623 1338 1752 1385 unde

468 1411 645 1459 tardius
673 1427 698 1456 a
723 1410 871 1473 pastu,
916 1411 1180 1457 universum
1206 1410 1417 1474 quodam
1443 1410 1488 1455 in
1514 1409 1751 1458 debilibus

465 1497 514 1530 et
552 1482 868 1530 laffitudinofis
910 1483 1140 1530 machinae
1173 1483 1530 1539 irritamentum,
1569 1477 1770 1531 ventris·

464 1557 742 1612 inflationes,
780 1569 826 1604 et
861 1558 1019 1604 anetus
1039 1570 1142 1604 toto
1167 1573 1357 1620 corpore
1383 1557 1527 1604 calor.

539 1717 617 1749 12.
648 1704 785 1750 Certe
810 1701 890 1748 vix
913 1701 1109 1748 dubium
1136 1701 1200 1747 est
1217 1701 1532 1749 stimulantem
1555 1700 1746 1747 univer-

466 1776 549 1823 s1m
574 1777 787 1824 ciborum
814 1777 928 1831 vim,
962 1777 1087 1822 Vitae
1121 1789 1277 1822 motus
1312 1776 1561 1831 intendere,
1614 1775 1752 1821 istus-

464 1867 557 1913 que
593 1851 812 1913 pulsuum
849 1865 874 1894 a
899 1849 1170 1911 Digestione
1207 1866 1401 1896 numero
1436 1848 1632 1911 majores
1668 1850 1752 1895 fie-

464 1922 578 1968 11³:
632 1938 773 1984 quam
815 1937 840 1966 a
881 1922 1015 1967 Pastu
1057 1920 1223 1968 febrim
1285 1922 1404 1968 dixit
1447 1923 1749 1984 Hecquetus.

465 1995 529 2041 Et
558 1994 803 2041 animalem
836 1993 1026 2056 quidem
1069 1994 1228 2040 cibum
1264 1993 1430 2041 fortius
1481 2009 1625 2056 quam
1669 2010 1752 2040 ve—

466 2067 723 2128 getabilem
759 2067 1004 2123 stimulare,
1041 2067 1295 2131 calorisque
1333 2067 1543 2114 animalis
1588 2057 1742 2114 incre-

467 2152 626 2184 mento
669 2139 776 2201 plus
809 2135 1039 2194 conferre,
1072 2138 1395 2202 Nuperiorum
1415 2139 1623 2202 plerique
1659 2156 1750 2202 pu·

467 2226 583 2267 tant,
607 2227 763 2258 contra
787 2226 930 2275 quam
949 2213 1172 2268 Galenus,
1200 2213 1283 2276 qui
1306 2214 1550 2259 animalem
1571 2214 1750 2261 vietum

467 2285 615 2330 levius
648 2285 705 2330 ab
747 2285 817 2340 iis,
850 2285 930 2349 qui
965 2285 1214 2331 debiliores
1241 2285 1398 2340 efferit,
1435 2287 1616 2332 tolerari
1643 2302 1749 2333 cen-

468 2356 573 2410 suit,
611 2356 825 2421 huncque
851 2358 1017 2404 minori
1043 2358 1214 2404 virium
1247 2358 1541 2416 detrimento,
1575 2361 1748 2408 ventri-

469 2429 578 2475 culo
603 2430 689 2474 effe
714 2446 798 2492 pro
842 2430 1123 2497 absolvenda
1163 2431 1386 2494 peristole,
1427 2449 1579 2497 eoque
1611 2433 1746 2497 dige-

510 2614 527 2639 ³
556 2611 688 2650 Pulsus
707 2625 728 2648 a
745 2611 947 2664 digestione
965 2615 1093 2654 decem
1121 2615 1196 2653 scre
1230 2614 1365 2654 iffibus
1394 2615 1434 2654 in
1459 2615 1607 2656 minuto
1631 2616 1756 2667 primo

459 2670 616 2710 anet-ior,
652 2673 796 2711 Haller.

1563 2735 1706 2783 rendo
1725 2754 1735 2781 :
