1871 3211
438 238 525 283 118
663 234 777 283 DE
831 235 1011 283 VIT.
1092 233 1474 282 PERIOD.

528 289 571 312 O

436 367 618 414 humidi
637 367 842 430 similiter
859 367 974 423 dice„
992 366 1280 422 tenebricofi,
1299 367 1469 430 vixque
1487 365 1593 413 Sole
1613 364 1715 411 col-

432 441 622 496 lustrati,
669 441 962 504 inauspicata,
1009 453 1055 487 et
1094 439 1195 487 sunt
1222 441 1416 505 periculi
1455 439 1712 502 pleniffima

434 528 661 579 tempora.
1304 527 1308 532 ’

504 676 581 722 29.
609 663 835 709 Praeterea
859 676 1029 723 magna
1048 660 1358 715 nervosarum,
1387 672 1432 705 et
1452 657 1713 720 malignan-

433 736 553 782 tium
608 735 807 781 febrium
860 751 981 797 pars,
1043 748 1233 797 propter
1285 746 1400 797 quas
1456 731 1714 778 carceribus

434 812 676 870 compresfi
724 808 989 870 anticipatas
1030 808 1144 869 saepe
1180 809 1289 854 dant
1328 807 1490 852 mortis
1529 820 1715 868 poenaS,

433 882 527 930 fere
552 884 607 929 ad
633 882 764 937 lucis,
805 895 851 928 et
873 881 1197 944 dephlogistici
1225 882 1356 937 aeris,
1383 881 1464 943 qui
1489 880 1582 926 luci
1608 896 1714 943 per-

433 968 577 1017 petuo
612 954 844 1015 jungitur,
887 954 1197 1016 privationem
1223 953 1470 1015 pertinent.
1549 951 1748 998 Luridi-

434 1027 573 1073 etiam
599 1043 760 1073 eorum
798 1028 971 1084 vultus,
1010 1027 1242 1090 tristesque
1286 1026 1489 1088 corporis
1531 1025 1713 1072 habitus

431 1101 645 1162 proxime
688 1116 796 1145 cum
843 1101 1109 1162 plantarum
1146 1098 1588 1162 leucophlegmatia‚
1632 1099 1714 1144 eti-

432 1174 622 1231 dement,
673 1175 1027 1235 comparabiles,
1077 1187 1349 1237 perpetuam
1397 1174 1598 1228 noctem,
1637 1171 1714 1218 seu

432 1248 548 1294 lucis
573 1247 773 1310 inopiam
800 1247 1064 1311 sequuntur.

498 1410 579 1455 30.
616 1394 695 1441 Est
721 1407 766 1440 et
792 1394 1000 1456 quodam
1028 1392 1219 1456 pustulae
1244 1392 1353 1438 mali
1380 1390 1520 1436 moris
1547 1406 1710 1452 genus,

431 1466 749 1529 Epinictidem
775 1468 946 1522 dixere,
983 1483 1089 1529 quae
1114 1466 1202 1511 oris
1231 1466 1404 1512 labium
1426 1463 1712 1527 potissimum

434 1558 685 1603 occupans,
723 1541 803 1587 sub
850 1543 982 1588 noste
1030 1539 1311 1587 acerbissime
1357 1539 1511 1585 issaevit:
1566 1556 1715 1603 eoque

432 1627 663 1675 tempore,
706 1630 796 1659 non
836 1630 934 1659 raro
976 1614 1207 1674 exemplo,
1251 1614 1527 1673 aegrotantes
1571 1613 1715 1660 inter-
1779 1617 1786 1632 '

433 1687 548 1732 ficit.
610 1688 912 1734 Cachefficos
937 1686 1144 1748 corripit,
1167 1699 1211 1731 et
1236 1702 1438 1748 quorum
1463 1702 1602 1748 prava
1628 1686 1713 1733 hu-

432 1776 620 1806 momm
661 1760 865 1805 conditio
889 1760 965 1815 est,
1005 1760 1178 1821 quique
1201 1772 1418 1821 corrupto
1445 1775 1544 1805 aere
1569 1773 1712 1805 utun-

433 1847 524 1882 tur.
579 1835 736 1880 Nocte
761 1834 897 1880 etiam
923 1834 1202 1896 plerumque
1235 1834 1394 1888 oritur,
1420 1833 1548 1896 quod
1572 1833 1714 1898 scrip-

435 1909 488 1955 sit
509 1907 686 1957 Celsus.

499 2067 580 2112 31.
618 2052 923 2101 Confimilem
959 2055 1192 2100 nofturnae
1221 2054 1481 2102 acerbitatis
1517 2055 1712 2104 modurn

432 2126 774 2172 Exanthemata
812 2127 1000 2183 habent,
1047 2128 1331 2190 Erifipelata,
1388 2129 1567 2192 aliaque
1604 2129 1710 2191 -ejus

431 2197 589 2243 census
629 2198 748 2244 cutis
783 2199 932 2259 vitia.v
985 2201 1045 2246 Iis
1072 2214 1312 2262 propterea
1346 2202 1567 2248 diurnum
1592 2213 1713 2249 tem-

432 2286 519 2331 pus
559 2272 764 2318 maximo
804 2273 918 2319 solet
958 2274 1045 2319 effe
1073 2273 1330 2320 beneficio:
1369 2274 1557 2320 fortasfis
1582 2275 1711 2337 quod

434 2356 665 2391 attenuata
680 2359 868 2408 propter
886 2347 999 2393 lucis
1029 2348 1128 2393 vim
1145 2347 1455 2410 perspirabilis
1471 2349 1710 2411 mephitis,

433 2416 646 2462 liberiore
673 2418 788 2465 cutis
812 2433 944 2481 porta
969 2421 1074 2468 ruit.

497 2579 578 2626 32.
614 2565 784 2612 Acrior
807 2582 929 2615 certe
954 2568 1217 2636 universim,
1259 2583 1306 2616 et
1325 2587 1459 2617 urens
1487 2571 1568 2629 sub
1592 2586 1706 2633 noc-

431 2651 526 2695 tem
552 2639 692 2696 calor,
720 2643 920 2704 corporis
944 2642 1167 2691 exteriora
1191 2656 1316 2691 tenet
1326 2666 1339 2698 ς
1378 2634 1705 2707 quod-nedum

1644 2716 1704 2763 ad
