1871 3211
370 179 463 228 194
627 152 743 208 DE
793 146 1418 205 VIT.PER10D.

369 295 503 345 simili
546 290 778 341 cellulosae
821 288 927 336 telae
967 285 1212 333 vitiositate
1244 282 1368 329 intus
1400 279 1446 327 in
1479 275 1655 324 viscere

369 371 534 434 aliquo
556 367 842 422 exordiente,
877 361 1118 428 periculosi
1151 360 1319 407 exinde
1356 354 1510 404 morbi
1546 367 1657 399 eve-

368 446 517 503 niant,
535 462 603 502 ea,
616 460 721 508 quae
738 442 869 505 supra
881 439 1103 496 diximus,
1117 436 1270 494 facile,
1283 432 1509 481 rationem
1524 445 1657 478 com-

373 522 658 585 ΡΙεᾶυηωῑ.

443 658 522 718 38.
563 652 703 700 Certe
745 646 777 697 si
816 648 933 711 quid
973 646 1181 693 veritatis
1222 660 1293 700 ea,
1333 659 1439 706 quae
1478 639 1611 704 supra
1636 650 1664 682 a

375 729 510 778 nobis
536 725 736 787 exposita
761 723 879 774 sunt,
906 720 1102 773 habent,
1138 719 1263 779 {ique
1289 732 1380 762 non
1400 713 1537 762 nimis
1551 726 1667 758 vero

376 801 518 854 abest,
560 793 806 842 tubercuIa
832 807 940 853 quae
979 791 1026 835 in
1061 802 1168 836 cute
1202 788 1354 834 oriun
1365 803 1440 845 ir,
1463 784 1670 847 Ganglia

377 869 697 924 Melicerides,
734 865 1061 919 Atheromata,
1110 864 1418 916 Steatomata‚
1467 868 1670 922 quorum

376 945 469 992 fere
495 940 743 990 substantia
770 938 974 1000 aliquam
1001 937 1059 983 ab
1095 936 1203 999 igne
1243 933 1584 988 alterationem,
1623 941 1674 976 et

377 1019 474 1066 fere
500 1016 691 1065 incocta:
717 1012 911 1074 limphae
948 1011 1220 1074 coagulum,
1255 1008 1429 1072 prodit,
1465 1007 1555 1054 effe
1587 1020 1672 1051 ve·-

379 1094 463 1141 luti
489 1092 710 1162 quiedam
736 1085 1004 1150 mephitidis
1026 1085 1260 1143 animaliS,
1290 1098 1337 1131 et
1358 1084 1527 1132 caloris
1552 1083 1674 1130 flux-

380 1166 543 1216 ionum
566 1176 719 1211 centra
737 1165 773 1186 ²⁴
799 1160 845 1206 in
881 1159 1014 1216 locis,
1057 1174 1164 1222 quae
1187 1174 1401 1220 proxxme
1445 1173 1554 1204 cum
1588 1171 1674 1202 ex-

1537 1244 1676 1277 terno

430 1400 469 1421 ²⁴
498 1398 603 1434 Inter
634 1404 782 1439 caetera,
814 1403 900 1445 qu‘ae
930 1390 1109 1442 ejusmodi
1130 1387 1357 1440 appulsuum
1378 1391 1442 1430 seu
1472 1388 1688 1431 fluxionum

381 1466 522 1502 centra,
545 1454 709 1493 sensibili
729 1451 993 1491 observatione
1013 1449 1225 1495 ostendunt,
1244 1463 1321 1486 non
1341 1451 1571 1500 postremum
1588 1451 1688 1488 illud

380 1515 578 1565 Epilepfiae
596 1527 716 1566 genus
732 1512 875 1562 judico,
904 1512 943 1548 iu
974 1525 1053 1563 quo
1073 1512 1119 1548 ab
1149 1522 1225 1548 una
1256 1511 1424 1560 corporis
1455 1522 1576 1561 parte,
1605 1521 1688 1548 tum

379 1576 607 1626 potissimum
623 1589 643 1611 a
670 1573 844 1611 manibus
865 1573 1096 1624 pedibusque
1118 1571 1306 1610 venientis
1337 1571 1548 1609 acceffionis
1566 1572 1689 1610 sensus

380 1635 526 1686 incipit,
566 1637 674 1686 cujus
695 1634 846 1685 egregie
868 1634 1039 1671 meminit
1057 1633 1203 1679 Celsus,
1224 1632 1312 1670 Lib.
1333 1633 1373 1682 11
1385 1642 1462 1684 cap.
1482 1633 1562 1670 viii.
1592 1632 1689 1671 Eam

382 1692 584 1729 comitialis
618 1692 740 1730 morbi
773 1692 934 1741 speciem
964 1690 1170 1729 universim
1201 1689 1315 1727 etiam
1347 1691 1610 1729 sanabiliorem
1637 1691 1693 1728 fe-

382 1762 496 1797 runt3
534 1765 699 1802 namque
720 1761 785 1787 aut
801 1750 919 1787 tortili
941 1750 1056 1787 fascia
1076 1750 1195 1799 ligata
1213 1759 1334 1798 parte,
1365 1750 1466 1787 unde
1485 1749 1693 1788 illiusmodi

382 1827 484 1850 2111·ae
505 1813 627 1850 sensus
649 1812 837 1857 exoritur,
871 1823 936 1849 aut
955 1810 1149 1857 cauteriis,
1181 1810 1482 1849 etveficantibus
1515 1813 1695 1859 lacerata,

385 1885 450 1911 aut
470 1873 604 1919 excisa,
621 1873 790 1910 sublatus
812 1872 941 1910 multis
962 1873 1117 1909 morbus
1131 1870 1284 1919 dicitur,
1301 1872 1626 1926 observatumque
1641 1872 1694 1911 est

381 1931 544 1969 immiss'o
576 1931 616 1968 in
643 1944 724 1968 eam
744 1942 889 1980 partem
921 1933 1048 1969 cultro
1077 1931 1173 1981 saepe
1193 1930 1331 1968 durum
1369 1930 1515 1982 aliquid
1534 1927 1695 1982 percipi,

389 1991 485 2028 unde
518 1990 705 2029 venientis
741 2004 842 2028 aurae
877 1990 999 2028 fluxio
1031 1989 1216 2041 procedit.
1248 1992 1326 2039 Effi
1347 1991 1534 2029 d’Edimb.
1588 1990 1696 2042 Saepe

387 2051 500 2088 etiam
528 2064 614 2088 eum
648 2051 823 2088 morbum
850 2050 889 2088 in
921 2049 1097 2096 infantia,
1132 2060 1169 2088 et
1202 2050 1368 2102 pueritia.
1398 2051 1633 2089 exorientem
1659 2055 1698 2088 in

380 2116 500 2163 pueris
540 2113 698 2157 Veneris,
727 2115 764 2147 in
785 2113 913 2163 puellis
929 2125 1002 2149 men
1036 2126 1176 2148 ruorum
1211 2115 1352 2149 initium
1382 2114 1474 2149 tollit
1492 2129 1503 2150 .·
1536 2111 1668 2149 Celsus
1685 2124 1697 2148 ·.“

387 2171 492 2221 quasi
515 2170 666 2208 uberior
685 2183 753 2219 per
770 2184 813 2207 ea
834 2181 1003 2221 tempora
1026 2169 1357 2221 dephlogisticatio
1371 2171 1405 2208 ei
1423 2171 1592 2209 sanando
1611 2169 1707 2209 satis

388 2229 446 2266 fit.
503 2230 652 2267 Multos
680 2243 851 2280 quoque,
882 2229 1107 2280 procedente
1141 2240 1263 2275 aetate,
1297 2231 1344 2269 ab
1370 2229 1579 2269 intermisso
1608 2230 1700 2268 Hae-

387 2288 648 2328 moranidum
669 2290 779 2326 fluxu
804 2289 972 2340 corripit,
1001 2289 1125 2340 eisque
1145 2289 1273 2327 denuo
1295 2290 1517 2337 fluentibus,
1540 2300 1607 2328 aut
1624 2290 1695 2328 sal-

387 2358 464 2387 tem
479 2347 677 2388 {midranis
694 2362 869 2388 curatur.
899 2350 971 2388 Sed
987 2360 1209 2388 caeterarum
1228 2351 1371 2401 optima
1391 2350 1589 2398 medicina,
1613 2349 1699 2388 usti-

388 2422 480 2446 ones
502 2407 547 2445 ad
565 2409 780 2447 suturarum
801 2411 885 2448 loca
905 2410 981 2447 fere
998 2411 1095 2458 sunt,
1122 2420 1159 2448 et
1172 2410 1354 2448 cauterIa.
1406 2410 1467 2448 Sic
1486 2409 1566 2456 ille,
1581 2409 1694 2460 cujus

390 2466 564 2506 cranium
584 2467 622 2504 in
653 2467 897 2506 Hunteriano
913 2470 1062 2507 Musaeo
1081 2469 1234 2520 prostat,
1262 2483 1349 2508 cuin
1368 2470 1407 2507 in
1425 2469 1568 2508 insultu
1587 2469 1700 2519 super

394 2527 572 2566 ardentes
611 2539 756 2576 prunus
789 2529 949 2567 obverso
980 2529 1121 2579 postico
1146 2529 1269 2582 capite
1287 2529 1520 2578 concidisset,
1549 2542 1635 2567 cum
1653 2540 1705 2584 egr

1581 2591 1697 2627 atrocl
