1871 3211
443 318 504 381 35
690 316 801 364 DE
858 311 1486 362 VIT.PERIOD.

439 451 562 498 rium
591 446 944 509 haemorrhagia,
970 445 1194 492 mensium
1213 445 1321 490 loco
1341 455 1567 505 correpta,
1615 451 1719 486 ante

436 521 566 568 diem
601 521 764 566 flebilis
805 519 1000 576 occidit,
1040 534 1147 564 cum
1172 517 1217 562 in
1242 515 1443 577 imperiti
1483 513 1720 577 cujusdam

440 595 627 642 Medici
663 611 830 641 manus
855 593 1108 640 incidisset:
1159 606 1308 653 neque
1341 589 1465 635 enim
1490 587 1717 650 epistases,

436 685 593 731 -neque
618 668 791 714 cruenti
818 666 1040 721 vomitUS‚
1069 681 1221 728 neque
1244 663 1385 710 etiam
1414 660 1601 709 horrida
1623 659 1719 705 hae-

433 741 690 803 ›mophtifis,
730 756 837 803 qua-3
882 738 1110 783 mensium
1165 738 1274 781 loco
1330 735 1460 801 fiant,
1515 732 1721 779 multum

438 815 688 861 univerfim
712 815 838 860 Vitae
878 825 1075 859 nocent:
1124 823 1302 866 contra,
1332 808 1448 871 saepe
1485 805 1619 853 facile
1650 804 1719 851 fe-

438 901 613 943 runtur,
655 902 906 949 earumque
940 885 1096 931 sedato
1135 884 1336 946 impetu,
1370 882 1554 929 Natura
1578 880 1717 935 duce,

435 961 666 1008 sanantur.

506 1122 581 1151 12.
617 1106 749 1166 Ergo
774 1117 926 1165 neque
943 1101 1052 1156 sola,
1083 1117 1235 1163 neque
1256 1101 1405 1147 multa
1422 1099 1634 1145 ducenda
1657 1097 1719 1144 est

426 1176 665 1223 ·.Plethorae
706 1174 851 1220 ratio:
889 1188 999 1219 cum
1025 1172 1199 1219 etenim
1238 1172 1317 1217 vix
1352 1171 1550 1217 duarum
1575 1170 1716 1216 libra-

433 1266 537 1295 rum
581 1247 757 1311 pondo,
814 1246 984 1292 stillans
1041 1262 1098 1292 eo
1142 1258 1369 1307 tempore,
1416 1243 1719 1290 muliebrium

433 1319 614 1381 sanguis
640 1319 852 1384 proxime
877 1318 1124 1374 estimetur,
1154 1317 1352 1381 jamque
1378 1315 1716 1364 confimilisan·

428 1391 587 1452 guinis
612 1392 824 1438 mensura
844 1394 875 1418 ¹⁷
915 1390 1023 1436 alibi
1062 1390 1307 1445 elabente,
1331 1402 1413 1437 aut
1437 1390 1555 1436 secta
1578 1405 1714 1444 vena,

431 1464 618 1512 Medici
636 1464 843 1519 arbitrio,
879 1463 1029 1509 omnis
1053 1455 1566 1526 propulsari'debuiffet
1590 1478 1714 1508 mor-

434 1535 536 1592 bus,
574 1538 704 1599 quod
729 1537 807 1582 vix
845 1535 1014 1582 evenit.
1088 1538 1246 1599 Qare
1271 1547 1438 1598 praeter
1461 1534 1715 1580 humorum

432 1608 513 1654 sub
561 1610 788 1656 mensium
824 1609 987 1665 reditu,
1040 1608 1413 1666 redundantiam,
1456 1607 1486 1653 s1
1522 1607 1716 1670 quidem

428 1696 661 1743 perpetuo
680 1682 876 1737 obtinet,
900 1681 1075 1744 aliquid
1093 1681 1215 1727 aliud
1237 1676 1375 1726 etiam
1401 1681 1446 1726 in
1464 1680 1715 1727 menstrua·
1754 1711 1755 1714 =

433 1754 568 1801 tionis
595 1756 865 1812 succeffum,
915 1754 1171 1815 symbolam
1189 1753 1381 1810 confert,
1417 1754 1545 1817 quod
1561 1753 1638 1800 vix
1661 1770 1714 1801 ac

432 1840 489 1869 ne
510 1826 588 1872 vix
609 1828 799 1889 quidem
822 1827 864 1874 in
889 1827 1109 1872 Plethora
1135 1826 1402 1872 includitur.
1453 1828 1565 1875 Non
1589 1827 1713 1873 enim

434 1911 569 1944 antea
594 1899 858 1962 periculofis
885 1898 1109 1961 ejusmodi
1145 1899 1556 1946 consuetudinibus
1579 1902 1711 1962 puel-

432 1971 497 2017 las
522 1971 792 2029 liberamus,
819 1989 960 2035 quam
977 1973 1095 2020 uteri
1123 1973 1303 2018 actione
1321 1973 1474 2019 denuo
1499 1974 1712 2032 excitata,

433 2045 646 2108 hancque
685 2047 888 2092 similiter
916 2045 1075 2092 frustra
1103 2047 1373 2108 quaerimus,
1412 2046 1510 2102 nifi,
1556 2046 1714 2094 confe—

434 2131 561 2163 rente
583 2119 782 2174 Natura,
820 2132 1039 2164 motuum
1064 2118 1215 2165 omnis
1239 2118 1367 2165 Vitae
1399 2118 1635 2182 integritas
1667 2119 1710 2166 in

433 2206 589 2236 earum
617 2208 805 2254 corpore
824 2191 1096 2237 restituatur.
1153 2193 1208 2239 In
1224 2192 1375 2256 quod,
1401 2207 1503 2240 ante
1528 2194 1616 2241 alia
1639 2211 1711 2240 re-

434 2264 695 2309 mediorum
721 2280 903 2326 genera,
945 2264 1233 2311 Chaiibeatis
1270 2265 1504 2328 auspicato
1545 2268 1708 2315 adniti-

433 2350 555 2389 mur,
602 2336 909 2398 novimusque
935 2335 1129 2382 Ferrum
1161 2338 1331 2400 pariter
1358 2339 1410 2385 iis
1436 2340 1708 2398 succurrere,

432 2406 602 2468 quibus
629 2408 829 2454 indebite
871 2422 915 2453 et
948 2423 1117 2469 praeter
1149 2410 1341 2457 modum
1366 2413 1544 2460 uterina
1568 2414 1711 2462 fluxio

424 2479 615 2539 perstat,
653 2493 790 2541 atque
810 2479 879 2534 iis,
915 2497 1028 2543 quas
1054 2494 1132 2526 aut
1154 2481 1455 2545 idiopathi'ca,
1483 2500 1562 2532 aut
1586 2486 1708 2548 sym-

431 2550 616 2612 pathica.
661 2548 757 2613 ejus
814 2552 906 2598 loci
951 2552 1164 2600 vasorum
1212 2556 1468 2605 obstru'ffio
1512 2559 1707 2607 obfidet.

685 2711 717 2736 17
747 2708 860 2747 Conf.
891 2711 1043 2750 Frehrd.
1074 2714 1264 2752 Emmenol.
1292 2716 1407 2765 cap.i.

1516 2778 1704 2840 Nempe
