1871 3211
427 229 517 277 190
681 214 799 263 DE
867 214 1510 266 VIT.PER10D.

418 369 506 417 pus
543 355 818 418 compi-effa,
860 355 984 403 illius
1021 355 1235 405 aliorsum
1278 358 1490 422 appulsus
1523 357 1707 406 incitari

416 441 620 491 oportet,
640 429 686 475 in
704 445 901 493 eamque
919 430 1122 478 maxime
1139 445 1318 495 partem
1343 433 1442 496 ejus
1468 433 1701 496 impetum

418 504 604 560 irruere,
641 521 784 568 quam
812 504 1016 568 suscepta
1040 505 1235 567 fortassis
1277 508 1334 554 ab
1367 508 1550 570 origine
1584 508 1709 555 Soli-

418 579 590 627 dorum
631 581 861 636 debilitas,
905 597 1010 628 eam
1050 582 1182 628 novis
1229 581 1452 638 motibus,
1496 596 1543 629 et
1584 595 1712 629 extra

419 664 594 698 certam
620 651 716 716 ejus
759 653 966 716 corporis
1002 652 1225 701 universae
1249 654 1379 701 Vitaef
1399 670 1612 702 normam
1637 671 1710 701 re·-

421 725 668 789 cipiendis,
717 726 936 771 idoneam
977 725 1106 772 facit.
1178 727 1290 772 Hac
1339 739 1586 790 propterea
1637 743 1711 772 ra-

421 799 568 853 tione,
598 799 626 842 si
648 797 763 859 quid
790 797 835 840 in
858 796 1069 842 foeminis
1094 797 1152 842 ab
1179 800 1562 846 antecedentibus
1586 816 1713 846 mor·

419 872 492 918 bis
515 869 816 916 debilitatum
843 868 921 925 est,
962 869 1008 914 in
1035 884 1091 915 eo
1116 869 1320 915 maxime
1347 871 1495 917 aetatis
1519 873 1714 927 circuitu

419 946 528 1010 plus
574 943 780 998 laeditur,
836 943 931 989 sera
975 941 1169 990 fortaffis
1211 957 1362 992 morte
1399 946 1716 1008 pendendum.

422 1019 546 1080 Qae
583 1033 692 1062 cum
739 1017 973 1080 perpetim
1009 1016 1212 1079 plurium
1244 1016 1444 1080 jamque
1486 1019 1714 1066 mensium

421 1091 679 1138 intervallis
702 1091 832 1146 fiant,
865 1090 982 1138 uteri
1011 1091 1350 1154 impedimento
1380 1091 1541 1139 sensim
1569 1092 1716 1139 3υὲὶί-

422 1183 520 1223 ore,
558 1183 696 1214 novae
721 1166 915 1212 tandem
940 1182 996 1211 ex
1023 1167 1220 1230 integro,
1261 1166 1406 1223 illius,
1430 1168 1559 1231 quod
1593 1166 1716 1213 dixi-

423 1258 548 1297 mm,
589 1240 806 1304 principii
855 1240 1106 1286 tendentiae
1149 1239 1443 1296 constabunt,
1503 1256 1717 1304 novaque

423 1316 548 1363 Vitae
574 1316 787 1363 mensura
811 1315 1039 1378 prodibit,
1064 1315 1285 1361 diuturna
1308 1315 1498 1361 demum
1527 1314 1719 1362 consue-

422 1391 584 1437 tudine
610 1389 847 1445 servanda,
882 1389 1078 1436 uterinis
1101 1388 1187 1435 viis
1218 1386 1421 1452 jamque
1462 1389 1646 1452 penitus
1671 1400 1716 1435 et

424 1463 625 1511 omnino
650 1462 932 1510 obcoecatis.

494 1612 576 1673 36.
617 1614 839 1677 Qorum
881 1626 1037 1658 tamen
1078 1611 1364 1676 postremum
1389 1627 1443 1658 ea
1468 1611 1719 1674 aliquando

428 1687 606 1734 ratione
632 1687 727 1733 fieri
748 1686 1112 1748 intelligendum
1129 1687 1208 1742 est,
1233 1700 1285 1732 ut
1302 1700 1543 1749 perpetuo,
1563 1688 1718 1750 quoad

427 1759 625 1807 foemina
667 1760 851 1814 vixerit,
898 1760 1135 1821 primitiva
1178 1759 1224 1805 in
1263 1774 1449 1806 uterum
1488 1760 1723 1808 tendentia

427 1835 664 1896 perduret,
694 1831 1004 1896 potiffimum,
1033 1833 1064 1878 si
1090 1832 1282 1895 quando
1300 1848 1354 1878 ea
1372 1833 1508 1879 valde
1535 1835 1715 1880 anima-

428 1923 494 1965 ta,
536 1920 583 1952 et
619 1905 944 1952 inflzimmabili
984 1905 1220 1968 principio
1243 1904 1374 1951 dives
1398 1903 1556 1965 fuerit,
1593 1920 1645 1953 ut
1677 1919 1724 1954 et

430 1980 774 2028 consuetudinis
801 1982 901 2027 vim
928 1981 971 2026 in
991 1981 1076 2026 hac
1102 1980 1272 2042 pariter
1295 1996 1341 2026 re
1361 1980 1619 2042 plurimum
1636 1998 1722 2027 va-

430 2054 522 2101 lere
540 2053 768 2112 censeam,
788 2067 887 2098 tum
906 2053 1102 2100 fortassis
1116 2053 1256 2099 etiam
1275 2067 1562 2115 perpetuam,
1579 2070 1720 2117 quarn

428 2130 560 2192 supra
585 2127 949 2181 nominavimus,
977 2126 1217 2189 mephitici
1242 2127 1477 2189 principii,
1505 2144 1614 2174 cum
1640 2145 1722 2176 ex·

431 2215 561 2247 terno
603 2218 704 2248 aere
746 2216 829 2262 per
857 2199 1006 2245 vicina
1050 2199 1252 2245 maxime
1294 2200 1397 2246 loca
1434 2201 1722 2250 affinitatem.

433 2274 738 2319 Nobiliffima
765 2273 1003 2328 Matrona,
1030 2270 1162 2334 cujus
1188 2270 1303 2317 olim
1329 2270 1459 2318 saluti
1486 2289 1723 2335 praeeram,

425 2346 624 2410 jamque
649 2348 769 2394 ultra
792 2346 1180 2409 septuagesimum
1198 2362 1370 2391 annum
1389 2346 1586 2403 emensa,
1606 2347 1724 2411 saepe

433 2435 517 2483 per
540 2421 761 2477 aestatem,
798 2419 975 2467 menses
1001 2420 1285 2483 patiebatur,
1323 2421 1449 2483 quod
1474 2434 1521 2466 et
1547 2420 1593 2467 in
1620 2421 1721 2469 aliis

432 2496 545 2543 vidi.
618 2496 824 2553 Menses,
857 2497 937 2559 qui
968 2494 1165 2559 jamque
1199 2495 1346 2557 longo
1386 2495 1724 2543 intermiserant

434 2585 666 2629 annorum
691 2568 855 2632 spatio,
882 2570 1041 2616 denuo
1067 2570 1111 2616 in
1151 2569 1380 2617 senectute
1418 2571 1718 2632 prodeuntes,

435 2645 677 2710 proximos
704 2644 868 2692 mortis
895 2644 1080 2692 nuntios
1121 2644 1167 2690 in
1207 2644 1326 2691 binis
1369 2644 1468 2690 aliis
1511 2642 1720 2691 foeminis

738 2733 757 2764 1
1446 2714 1720 2762 observavi:
