1871 3211
399 329 1090 378 CAUSSIS.
1298 352 1387 400 153

109 463 308 520 colores,
339 464 467 527 quod
492 462 718 511 tinctoriae
741 464 871 523 artis,
915 475 961 511 et
999 478 1265 528 pannorum
1285 469 1391 529 opi-

112 537 223 585 fices
247 538 387 600 longa
410 552 638 586 noverunt
661 539 724 585 rei
764 537 1086 585 observatione
1106 557 1117 585 ε
1157 541 1394 588 nonnullae

111 611 252 657 etiam
275 611 578 659 tincturarum
604 613 775 675 species
805 625 996 676 propter
1020 611 1120 676 ejus
1144 612 1244 658 vim
1268 614 1395 660 elan-

111 683 355 747 guescunt,
396 698 441 733 et
479 685 571 732 fere
614 685 915 742 intercidunt,
950 686 1081 748 quod
1129 685 1187 731 de
1210 686 1396 734 chameis

111 756 345 820 imprimis
371 758 648 805 Sedanenses
667 758 863 806 artifices
882 759 1131 806 affirmant.
1202 761 1395 808 Lunam

114 842 304 891 quoque
345 829 582 893 splendide
622 831 880 889 ferientem,
919 834 1068 879 multo
1109 849 1220 896 erga
1245 835 1396 882 calca-

111 900 204 949 rios
213 904 518 952 aedificiorum
532 906 706 970 lapides
717 907 998 954 detrimento
1015 908 1120 966 effe,
1134 907 1395 971 Lapicidae‚

112 991 161 1024 et
185 980 444 1028 Architecti
468 982 739 1045 perhibent:
778 998 1066 1046 quamquam
1092 982 1172 1030 ista
1201 983 1398 1046 quidem

111 1066 281 1112 parum
304 1055 361 1100 ad
382 1056 618 1102 medicum
645 1055 903 1102 sermonem
927 1055 1181 1118 pertinent:
1210 1054 1302 1102 fere
1328 1070 1397 1104 ta-

112 1140 222 1171 men
249 1128 423 1192 majora
442 1130 692 1193 supersunt.
764 1129 924 1192 Hujus
951 1130 1132 1192 generis
1149 1129 1267 1185 sunt,
1290 1147 1397 1193 quae

114 1196 174 1242 de
200 1199 465 1250 Nautarum
503 1203 774 1266 Niclalopia
813 1203 1092 1266 nuperrimae
1117 1201 1397 1251 observatio-

114 1287 213 1327 nes,
235 1276 359 1335 apud
379 1277 578 1323 nauticae
595 1277 659 1322 rei
677 1290 905 1323 curatores
925 1278 1129 1339 prostant
1150 1294 1160 1322 ε
1187 1276 1399 1324 observa-

114 1355 218 1392 tum
265 1364 467 1413 namque
509 1350 570 1396 est
603 1351 787 1397 Nautas
829 1348 962 1408 super
998 1363 1226 1410 magnum
1270 1351 1400 1396 navis

115 1435 309 1486 pontem
334 1426 475 1471 noctu
500 1425 798 1479 dormientes,
841 1423 1130 1487 potiffimum
1154 1424 1187 1468 s1
1210 1425 1400 1471 obversa

117 1497 245 1544 coelo
273 1497 391 1544 facie
416 1497 716 1553 constiterint,
754 1496 924 1560 eosque
948 1498 1086 1543 Luna
1110 1494 1263 1554 feriat,
1301 1497 1402 1543 nic-

117 1573 296 1636 talopes
322 1574 417 1619 fieri
440 1592 450 1619 ε
484 1588 585 1620 tum
610 1590 720 1619 vero
745 1573 789 1618 in
816 1572 1082 1620 Plenilunio
1114 1571 1399 1635 potiffimum

119 1645 167 1693 id
191 1646 302 1694 mali
326 1664 469 1710 genus
497 1646 704 1694 acerbius
729 1646 979 1694 incurrere.

109 1817 154 1867 ’⁴
187 1797 264 1843 26.
301 1795 528 1843 Praeterea
574 1795 949 1843 communiffirno
990 1795 1226 1858 exemplo,
1269 1793 1402 1857 quod

121 1868 329 1916 Galenus
356 1870 593 1932 allegavit,
631 1883 794 1916 notum
820 1869 900 1927 est,
937 1867 1020 1914 sub
1053 1868 1238 1914 ardente
1262 1869 1404 1916 Luna

119 1942 291 2005 sopitos
316 1943 480 2005 capitis
506 1944 734 2006 gravitate
759 1943 968 1988 laborare
990 1959 1002 1988 ε
1028 1956 1170 2003 quam
1187 1940 1249 1986 ob
1272 1939 1402 1986 caus-

121 2015 214 2063 sam
233 2015 456 2078 frigidum
474 2019 627 2063 Lunae
642 2018 800 2062 lumen
818 2025 1098 2077 putaverunt
1118 2012 1402 2070 Paracelsus‚

120 2104 169 2136 et
195 2090 524 2146 Helmondus,
562 2090 912 2153 plurimumque
938 2099 1179 2149 eapropter
1221 2085 1277 2131 iis
1319 2101 1403 2132 no-

123 2182 246 2224 cere,
272 2182 388 2229 quos
413 2165 655 2212 destillatio
679 2179 727 2211 et
752 2162 992 2211 abundans
1026 2160 1194 2223 pituita
1225 2172 1406 2210 tenent.

124 2244 369 2290 Humores
396 2246 594 2305 namque
616 2240 791 2287 solvere
813 2241 948 2287 Luna
968 2235 1186 2290 creditur,
1208 2250 1300 2280 non
1322 2251 1406 2281 au-

122 2317 255 2374 ferre,
276 2318 404 2380 quod
431 2318 510 2363 Sol
536 2316 664 2371 facit,
693 2314 953 2375 exindeque
978 2309 1069 2373 ipse
1088 2309 1280 2373 quidem
1305 2325 1405 2355 are-

124 2394 256 2452 facit,
291 2397 430 2442 Luna
454 2408 565 2440 vero
591 2391 843 2438 humectat.
915 2389 1072 2451 Qare
1096 2385 1406 2449 antIquiffimo

124 2472 332 2530 consilio,
370 2470 500 2535 cujus
525 2467 802 2516 Macrobius
826 2469 861 2491 ¹⁴
885 2467 1002 2511 inter
1026 2465 1264 2511 Romanos
1302 2477 1404 2508 me-

125 2548 279 2605 minit,
305 2547 503 2595 nutrices
522 2560 686 2608 pueros
710 2544 900 2599 alentes,
919 2556 1081 2587 eorum
1099 2538 1268 2602 capita,
1295 2554 1405 2585 cum

445 2734 479 2757 '⁴4
504 2731 649 2769 Saturn.
677 2728 764 2768 Lib.
785 2727 880 2767 VII.
907 2735 983 2780 cap.
1002 2725 1084 2767 xvi.
1320 2783 1348 2830 s
1373 2784 1403 2832 b

1339 2801 1367 2831 U
