1871 3211
505 225 594 281 146
744 223 860 271 DE
919 222 1102 270 VIT.
1161 220 1544 270 PERIOD.

504 355 731 419 tegritatis
746 355 998 412 defectum,
1016 370 1126 400 cum
1143 353 1262 401 Solis
1286 367 1332 401 et
1341 353 1494 400 Lunae
1515 347 1784 396 circuitibus

503 428 712 487 contulit,
744 428 916 492 quippe
941 443 1091 490 neque
1116 442 1258 473 annus
1282 428 1441 483 etiam,
1473 438 1624 486 neque
1651 437 1782 468 men-

502 500 587 558 seS,
619 500 811 564 integris
845 513 1017 564 queant
1040 499 1203 546 diebus
1240 497 1488 545 numerari.
1564 496 1689 542 Cum
1712 508 1782 540 et·-

501 573 628 619 enim
655 590 801 620 annus
828 573 873 618 in
900 585 1129 618 tercentos
1153 584 1201 617 et
1238 570 1476 633 sexaginta
1512 568 1610 615 dies
1636 566 1781 631 porri-

498 659 655 708 gatur,
693 646 970 709 particulam
1021 644 1218 706 insuper,
1283 655 1497 705 quartam
1541 639 1635 687 fere
1684 639 1776 686 diei

504 732 686 780 partem
712 731 1036 780 exaequantem
1059 715 1288 778 adjectam
1321 714 1477 770 habet,
1520 727 1671 774 neque
1712 710 1784 769 in-

503 793 644 853 tegris
669 804 915 853 propterea
939 789 1106 834 diebus
1131 787 1552 834 circumscribiturz
1579 783 1786 832 similiter

501 880 641 928 atque
665 863 858 916 menses,
879 862 960 922 qui
984 872 1164 921 partem
1189 859 1340 904 adhuc
1364 860 1569 921 aliquam
1591 858 1681 904 diei
1700 857 1784 903 de-

503 938 715 990 siderant,
743 948 795 979 ut
827 933 995 979 eodem
1020 947 1184 978 omnes
1209 931 1389 976 dierum
1424 946 1622 977 numero
1647 946 1781 977 com-

502 1022 749 1070 ponantur.
821 1005 1145 1071 Qamobrem
1168 1020 1276 1049 cum
1301 1005 1492 1050 Lunam
1517 1003 1692 1049 menses
1716 1020 1785 1049 re-

504 1096 628 1143 gere,
657 1078 817 1124 Solem
839 1090 996 1123 autem
1014 1091 1173 1131 annos,
1190 1075 1398 1122 Galenus
1414 1074 1710 1131 existimaret,
1731 1075 1788 1120 ad

504 1155 628 1199 hunc
659 1151 901 1198 chroiiicos
926 1151 1136 1207 morbos,
1162 1166 1362 1213 quorum
1386 1149 1602 1196 diuturna
1625 1149 1688 1196 est
1713 1149 1785 1196 in-

502 1225 706 1270 sultuum
729 1224 864 1282 rati0‚
892 1222 1124 1270 traducit:
1169 1238 1277 1268 cum
1302 1225 1453 1269 Lunae
1479 1239 1592 1270 vero
1618 1221 1787 1269 circui-

504 1311 554 1344 tu
579 1300 849 1345 Acutorum
900 1296 1107 1343 similiter
1150 1296 1389 1355 circuitus,
1431 1296 1637 1358 septimae
1677 1295 1787 1352 diei,

505 1385 685 1433 quartae
710 1372 921 1425 decimae,
961 1369 1211 1431 vigefimae,
1250 1383 1295 1415 et
1319 1369 1557 1431 vigesimae
1581 1368 1788 1431 septimae

506 1460 763 1506 comparat.
838 1444 944 1492 Post
969 1461 1075 1507 quae
1101 1445 1311 1491 lunarem
1344 1444 1526 1490 cursum
1564 1444 1787 1491 trifariam
1836 1444 1847 1448 ⁶

507 1517 762 1563 considerat
785 1535 795 1563 :
824 1518 938 1563 alter
966 1517 1093 1562 enim
1121 1519 1274 1565 Lunae
1298 1517 1728 1576 circulusfinodicus
1744 1517 1787 1563 ei

504 1589 689 1646 dicitur,
732 1590 1004 1652 constatque
1047 1606 1102 1635 cx
1136 1591 1317 1652 integro
1358 1590 1619 1646 intervallo,
1657 1590 1788 1653 quod

503 1662 562 1705 ab
601 1677 695 1707 uno
736 1661 793 1707 ad
826 1662 1024 1707 alterum
1056 1661 1372 1708 Novilunium
1397 1662 1616 1717 excurrit,
1657 1678 1787 1716 com-

505 1734 816 1798 plectiturque
857 1736 954 1781 dies
979 1735 1147 1797 viginti
1173 1753 1361 1791 novem,
1388 1735 1610 1798 horasque
1635 1736 1785 1782 trede-

503 1807 630 1853 cim:
670 1808 894 1853 secundus
919 1810 1206 1868 apparitionis
1238 1822 1319 1854 aut
1346 1808 1546 1854 circulus
1589 1807 1787 1867 illustra-

502 1881 627 1924 tionis
647 1880 928 1937 nominatur,
949 1880 1134 1943 ejusque
1157 1881 1401 1927 intervalla
1427 1898 1451 1926 a
1476 1881 1629 1944 primo
1654 1898 1789 1930 novae

501 1952 652 1997 Lunae
666 1950 879 2012 adspectu
897 1952 954 1997 ad
973 1953 1356 2014 integramLunae
1377 1952 1690 2010 ceffationem,
1711 1954 1785 2000 seu

503 2025 674 2069 lunaris
708 2025 912 2082 luminis,
953 2041 1186 2089 quantum
1214 2027 1270 2072 ad
1298 2043 1379 2073 nos
1405 2028 1584 2084 attinet,
1621 2029 1783 2091 plena-

500 2096 616 2141 riam
641 2096 968 2157 privationem,
1008 2112 1275 2157 excurrunt,
1315 2098 1548 2161 habetque
1575 2098 1653 2144 iste
1688 2100 1788 2148 dies

500 2168 667 2230 viginti
692 2168 784 2227 sex,
814 2183 858 2215 et
883 2170 1016 2216 horas
1056 2171 1339 2218 duodecim:
1382 2172 1543 2217 tertius
1584 2172 1788 2236 denique

505 2244 673 2290 lunaris
693 2245 892 2291 circulus
907 2245 1167 2306 periodicas,
1192 2258 1269 2292 aut
1280 2248 1620 2309 peragrationis,
1642 2263 1784 2294 voca-

502 2330 591 2373 tur,
614 2319 880 2382 constatque
897 2336 952 2366 eo
972 2333 1198 2381 tempore,
1215 2321 1342 2384 quod
1355 2323 1495 2369 Luna
1515 2320 1717 2378 insumit,
1730 2335 1783 2370 ut

505 2396 546 2442 in
569 2398 699 2455 illud,
720 2416 744 2445 a
761 2417 854 2463 quo
875 2399 1148 2455 discefferat‚
1169 2400 1365 2447 Zodiaci
1383 2400 1563 2463 signum
1582 2415 1782 2448 reverta-

501 2482 594 2515 tur:
613 2472 831 2536 huncque
845 2474 1052 2521 Galenus
1069 2473 1180 2520 facit
1198 2474 1381 2522 dierum
1395 2475 1565 2537 viginti
1584 2474 1776 2537 septem,

475 2541 477 2543 ’
499 2557 543 2588 et
584 2544 801 2591 horarum
844 2548 971 2593 octo.
1043 2548 1371 2611 Qamobrem
1397 2548 1702 2607 illustrationis
1736 2559 1782 2591 et

488 2621 811 2680 peragrationis
837 2619 1020 2666 circulis
1041 2620 1174 2669 simul
1202 2621 1484 2686 compositis,
1522 2620 1780 2682 exindeque

1601 2694 1780 2741 summa
