1871 3211
457 260 523 308 34
691 209 1494 303 DEfVIT..PE.R1¹0D.

459 392 614 425 manae
653 375 966 431 institutionis,
1002 371 1161 436 potius
1201 385 1343 433 quam
1369 366 1619 416 Naturae¹⁴
1642 363 1747 419 sint,

452 449 538 497 vix
560 462 715 496 tamen
763 449 827 496 est
866 445 1125 494 verofirnile
1165 441 1390 504 ejusmodi
1427 438 1634 487 similiter
1657 435 1746 487 effe

459 522 733 569 catamenia.
806 524 1055 585 Qantum
1074 516 1202 565 enim
1230 514 1415 578 propria
1438 512 1748 568 foeminarum

459 595 507 642 in
529 595 639 642 vitae
662 596 846 642 deleelm
873 594 1096 647 instituta,
1144 589 1198 635 iis
1229 588 1453 641 tribuant,
1496 585 1578 638 vix
1596 583 1747 630 adhuc

461 669 686 716 credibile
710 669 774 716 est
794 685 869 715 eas
888 667 1130 719 foeminea,
1155 679 1302 727 quam
1320 661 1502 714 vivunt,
1528 656 1624 705 vita
1642 658 1746 706 Na·

456 754 575 788 turae
590 741 813 789 adversari
833 758 844 787 ε
861 737 1243 804 quandoquidem
1260 735 1315 781 ad
1329 734 1461 781 illam
1476 747 1552 778 eas
1567 730 1752 777 Natura

460 816 661 866 effeciffe
686 816 836 879 adque
861 813 989 861 illam
1009 809 1358 859 conformaviffe
1378 808 1606 854 videatur.
1641 804 1749 850 Cae-

463 903 615 937 terum
638 890 719 937 vix
756 890 956 936 dubium
980 886 1043 933 est
1078 886 1133 932 iis
1159 884 1413 932 minimum
1459 878 1638 928 menses
1664 877 1750 924 flu·

463 980 553 1020 ere,
596 980 705 1027 quae
727 962 911 1013 virilem
936 960 1219 1007 aeltivitatem
1244 973 1368 1019 pone
1387 955 1658 1018 sequuntur,
1700 962 1753 996 ut

462 1036 676 1098 poffibile
712 1035 766 1081 fit
796 1034 875 1080 vix
901 1032 980 1078 ista
1011 1028 1337 1078 muliebritatis
1366 1039 1477 1073 nota
1500 1024 1752 1087 Hesperias

464 1107 728 1168 AEthiopeS,
762 1119 866 1152 tum
891 1121 986 1167 prae
1006 1103 1182 1149 caeteris
1206 1101 1336 1163 regni
1363 1101 1566 1160 Congou
1590 1096 1752 1144 foemi-

463 1198 544 1230 nas
569 1180 705 1235 affici,
753 1195 866 1243 quas
899 1177 1102 1224 referunt
1127 1175 1312 1232 cuneta,
1358 1189 1466 1236 quae
1487 1172 1599 1220 alibi
1624 1174 1752 1220 viro—

464 1271 567 1306 rum
605 1269 730 1301 curae
760 1253 880 1306 sunt,
926 1249 1109 1313 exequi,
1156 1248 1370 1296 tellurem
1411 1245 1632 1302 effodere,
1671 1261 1754 1292 oc-

466 1337 593 1378 care,¹
619 1334 759 1373 arare,
803 1318 1003 1380 aliaque,
1045 1331 1151 1378 quae
1176 1314 1364 1377 propius
1399 1311 1681 1359 familiarum
1709 1326 1756 1360 et

467 1394 600 1443 domi
636 1389 789 1440 officia
821 1391 1165 1454 respiciunt²⁵z
1215 1388 1334 1434 inter
1376 1403 1486 1451 quae
1523 1387 1756 1435 mulierofi

469 1468 678 1516 homines
700 1466 744 1511 in
765 1464 944 1510 summa
964 1463 1137 1509 defidia
1152 1461 1414 1517 beatiffimi,
1440 1477 1510 1517 ea,
1536 1476 1644 1524 quae
1662 1458 1753 1509 foe-

467 1541 701 1589 minarum
728 1536 848 1592 sunt,
895 1535 1100 1582 molliter
1123 1534 1251 1582 domi
1276 1535 1498 1581 cubantes
1524 1549 1704 1583 curant.

540 1698 558 1727 1
575 1698 615 1727 1.
654 1678 745 1726 Sed
768 1675 1023 1740 praepedita
1041 1675 1416 1731 menstruatione,
1439 1675 1530 1721 five
1556 1676 1614 1722 ab
1634 1675 1755 1724 idio-

469 1755 624 1819 patico
650 1751 783 1807 uteri,
827 1764 872 1796 et
898 1749 1289 1797 conterminarum
1327 1750 1530 1814 partium
1567 1749 1756 1808 affeetu,

1624 1845 1680 1877 o*

519 1965 553 1987 ¹⁴
581 1959 638 1997 Ea
666 1957 810 1995 ratione
843 1954 1144 2006 Macrocephali,
1181 1955 1356 2008 quaedam
1388 1956 1620 2007 Scytharum
1647 1957 1767 2005 natio,

468 2022 572 2074 quod
593 2031 799 2070 puerorum
813 2016 936 2066 capita
956 2016 1082 2054 fasciis
1109 2025 1332 2067 torquentes
1365 2015 1404 2053 in
1435 2016 1641 2068 oblongam
1665 2017 1766 2055 effin-

468 2090 598 2133 gerent
618 2079 791 2128 figuram,
813 2076 967 2113 tandem
982 2088 1120 2125 pueros
1142 2076 1461 2126 Macrocephalos
1481 2077 1529 2115 ab
1549 2087 1637 2115 ortu
1655 2091 1768 2128 gene-

469 2143 621 2179 rabant:
672 2136 842 2176 similiter
873 2134 1058 2182 Car-albae,
1106 2146 1187 2173 tetes
1207 2138 1335 2187 platos,
1376 2136 1501 2174 fronte
1531 2137 1769 2188 complanata

468 2195 822 2248 nascuntu1·‚'quod
849 2194 1089 2246 antiquiffimi
1118 2208 1250 2232 eorum
1282 2206 1456 2245 parentes
1487 2210 1532 2234 eo
1555 2196 1770 2234 vitiofitatis

469 2273 606 2311 genere
624 2270 759 2308 pueros
781 2255 927 2291 afficere
952 2253 1128 2291 solerent.
1161 2253 1317 2291 Dictum
1335 2254 1445 2291 etiam
1466 2255 1514 2291 est
1529 2256 1769 2302 Macaffer0s‚

470 2330 634 2369 quorum
652 2315 691 2351 in
710 2312 852 2350 deliciis
871 2310 921 2348 est
936 2312 1177 2361 complanata
1195 2313 1270 2349 nafi
1289 2311 1423 2359 forma,
1451 2313 1634 2363 stepiffime
1651 2313 1690 2351 in
1708 2314 1768 2352 die

469 2389 559 2414 eum
586 2373 819 2413 nascentibus
849 2373 989 2418 locum,
1006 2372 1181 2410 manibus
1201 2372 1423 2423 adprimere‚
1444 2375 1599 2412 ›tametfi
1612 2374 1770 2426 jamque

470 2438 518 2473 ab
536 2446 623 2473 ortu
647 2434 836 2484 propriam
851 2435 948 2488 hane
967 2432 1045 2482 ejus
1067 2433 1191 2484 gentis
1218 2445 1346 2472 notam
1373 2436 1624 2486 praeseferant.
1655 2435 1770 2474 Conf-

473 2497 591 2546 H'Lpp.
620 2495 660 2530 de
692 2496 793 2538 Aere,
825 2495 875 2530 A.
902 2504 933 2530 et
965 2495 1053 2531 Loc.
1075 2494 1194 2531 Raul.
1224 2494 1309 2545 Obs.
1333 2497 1374 2532 de
1393 2497 1493 2535 Med.
1524 2508 1558 2535 et
1585 2498 1695 2538 Mem.
1721 2499 1769 2535 du

451 2552 634 2607 “Coinpte
658 2555 704 2591 de
721 2553 874 2600 Forbin,
910 2555 1004 2593 Tom-
1025 2555 1058 2592 I.

527 2622 556 2644 ¹⁵
588 2615 723 2653 Labat.
743 2622 776 2650 et
795 2615 881 2650 Mel.
900 2613 1051 2663 Intergff.
1083 2616 1149 2651 &c.
1177 2613 1297 2652 Toni.
1317 2615 1367 2653 X.

1671 2683 1764 2732 five
