1871 3211
439 230 1133 282 CAUSSIS.
1340 253 1430 306 145

150 361 466 410 conversiones
490 361 823 425 praesagiendo,
862 364 1077 427 exempla
1112 366 1331 428 allegavit
1364 372 1428 422 L.

150 435 371 499 Gillespie
395 438 428 480 ⁷.

213 597 288 630 12.
327 583 468 630 Certe
493 600 602 631 cum
627 585 823 632 tertiana
859 598 906 631 et
940 596 1163 647 quartana
1191 587 1427 649 periodus,

118 698 119 703 ,
142 656 389 720 conspicua
413 657 514 705 satis
546 659 739 714 ratione,
770 659 817 706 in
842 659 1074 722 plerisque
1098 662 1277 708 morbis
1300 663 1430 726 spec-
1452 657 1464 667 ’

139 731 305 778 tabiles
329 731 417 779 sese
436 733 690 796 praebeant,
711 732 924 797 possibile
949 733 1012 779 est
1036 746 1341 800 utrarumque
1359 755 1429 786 ra-

139 804 319 852 tionem
345 806 549 870 aliquam
586 806 632 852 in
656 806 831 869 quartis
857 806 1118 870 quibusque
1149 811 1305 856 Lunae
1328 812 1431 858 die-

141 878 245 936 bus,
266 893 372 926 ante
391 893 437 925 et
453 880 553 942 post
573 879 908 934 Novilunium‚
930 880 1140 926 similiter
1162 895 1301 947 atque
1317 885 1430 933 Ple-

139 948 372 998 nilunium
398 951 601 998 includi:
644 952 938 999 observatum
980 969 1183 1018 namque
1222 957 1304 1016 est,
1345 976 1431 1022 per

137 1037 192 1068 ea
216 1025 369 1070 Lunae
404 1025 651 1087 quartalia,
684 1042 792 1088 quae
832 1041 941 1071 cum
980 1040 1192 1074 veterum
1217 1031 1430 1078 Astrolo—

134 1113 306 1160 gorum
331 1099 564 1146 sextilibus
590 1112 636 1145 et
659 1099 790 1145 trinis
826 1098 922 1146 fere
957 1115 1238 1163 congruunt,
1284 1104 1427 1168 infig-

138 1188 219 1218 nes
266 1173 384 1236 saepe
431 1173 594 1237 saepius
636 1174 926 1237 tempestatis
969 1177 1251 1225 mutationes
1296 1180 1428 1228 fieri:

136 1247 266 1310 quod
299 1248 452 1293 sedula
476 1248 539 1294 rei
564 1248 885 1295 observatione
920 1248 1083 1296 doetus
1117 1252 1333 1299 Toaldus
1359 1253 1428 1301 af-

135 1321 308 1367 firmat.
381 1323 687 1385 Qamquam
726 1321 773 1368 in
811 1321 881 1367 his
914 1322 1136 1370 omnibus
1172 1326 1230 1372 ad
1255 1326 1428 1374 locales

136 1393 500 1442 circumstantias
542 1394 764 1458 respicere
805 1395 983 1441 necesse
1025 1395 1117 1442 est:
1159 1398 1217 1445 de
1255 1400 1426 1462 quibus

139 1485 251 1516 mox
277 1469 412 1516 infra.

206 1635 280 1681 13.
320 1618 461 1666 Cadit
503 1618 550 1664 in
573 1619 695 1665 hunc
732 1617 938 1682 apposite
976 1618 1154 1675 locum,
1193 1619 1428 1684 quidquid

135 1696 417 1757 argutisfime
444 1695 670 1750 Galenus,
708 1708 953 1740 acutorum
970 1694 1244 1740 morborum
1268 1695 1425 1758 perio-

133 1768 219 1816 dos
261 1784 372 1815 cum
397 1771 549 1816 Lunae
585 1768 718 1814 cursu
762 1767 1082 1829 colligaturuS,
1117 1768 1423 1830 excogitavit,

133 1856 185 1888 ut
209 1858 399 1888 omnem
424 1843 520 1898 ille,
548 1855 655 1888 ante
682 1840 812 1895 alios,
842 1840 1109 1887 criticorum
1137 1841 1424 1888 circuituum

133 1915 311 1981 nodum
338 1915 517 1962 solviffe
555 1916 781 1961 videatur.
857 1914 984 1958 Cum
1022 1914 1197 1960 etenim
1236 1914 1424 1963 dierum

63 1981 68 1986 ⁵
134 1988 487 2051 supputationes
515 1989 560 2034 in
586 1986 782 2040 morbis,
810 2001 890 2047 per
925 1984 1126 2048 integros
1147 1986 1247 2031 dies
1267 1988 1421 2034 neuti-

135 2078 281 2125 quam
306 2060 502 2108 subduci
546 2060 687 2122 poffe,
726 2058 1039 2120 Hippocratis
1065 2056 1266 2119 judicio,
1317 2075 1422 2106 mo-

134 2135 319 2190 nuiffet,
360 2150 522 2180 verum
570 2133 731 2187 trinOS,
765 2131 1020 2194 quatrinOS,
1056 2129 1443 2196 septimanosque'

134 2209 355 2256 circuitus
389 2208 454 2254 ita
480 2207 595 2254 sumi
632 2218 866 2269 oportere,
893 2217 939 2250 et
961 2204 1019 2249 ad
1044 2204 1248 2251 invicem
1271 2221 1423 2269 copu-

135 2282 234 2339 lari,
282 2282 409 2347 quali
438 2282 614 2345 aliquid
638 2292 866 2344 perpetuo
891 2278 938 2324 in
965 2294 1126 2324 eorum
1163 2278 1421 2328 intervallis

134 2370 350 2404 accurate
393 2355 609 2401 finiendis
650 2353 839 2408 deeffet,
878 2350 1101 2414 ejusmodi
1140 2352 1324 2401 dierum
1347 2353 1421 2400 in-

178 2544 194 2568 ⁷
223 2541 377 2593 Observ.
398 2555 438 2578 on
454 2541 510 2579 the
528 2543 638 2581 Putr.
663 2542 779 2580 Ulcer.
835 2540 951 2579 Conf.
984 2539 1170 2581 Simmons
1189 2544 1310 2583 Lond.
1328 2545 1428 2584 Med.

126 2605 262 2655 Journ.
297 2603 406 2655 1785.
436 2602 479 2642 P.
501 2601 555 2640 iv.

169 2716 299 2764 V01..
326 2715 390 2762 II.
794 2717 840 2762 L
1197 2716 1423 2780 tegritatis
