1871 3211
379 277 1084 326 SANORUM.
1319 281 1380 342 ες

94 426 184 476 que
208 422 430 476 perpetuo
469 411 516 457 in
543 410 664 474 agris
698 423 744 456 et
777 408 972 457 urbibus
1014 423 1100 470 pro
1134 407 1381 458 hominum

91 502 299 542 numerO,
328 487 576 542 bonorum,
614 487 940 547 maloiumque
975 482 1274 536 consensione
1300 495 1382 529 ex-

88 573 230 615 tante,
258 559 634 616 commodorum,
659 558 1165 620 incommodorumque
1183 556 1291 603 vitae
1306 574 1383 604 ea-

88 633 198 680 dem
220 646 448 696 perpetuo
481 632 663 680 summa
699 632 950 679 universim
978 631 1190 677 constat:
1228 630 1386 677 restat·

88 723 180 770 que
197 709 446 771 utrobique
472 707 676 756 internus
703 709 861 764 homo,
906 723 991 753 nec
1018 722 1121 753 rure
1150 721 1234 753 nec
1268 706 1385 751 urbe

88 780 268 828 beatior
292 794 371 828 aut
397 781 718 841 miserabilior,
747 781 830 829 nisi
872 780 964 844 ipse
989 779 1032 826 se
1067 782 1275 835 beatum,
1306 791 1386 828 aut

86 853 398 902 miserabilem
423 855 610 905 efficiat.

154 1017 203 1065 7.
241 1005 419 1052 Verum
445 1019 496 1053 ut
520 1006 577 1053 ad
613 1002 903 1069 propositum
931 1002 1195 1061 redeamus,
1233 1017 1385 1065 neque

87 1076 216 1123 enim
240 1079 596 1136 divertiffemus‚
623 1079 704 1125 nili
729 1096 755 1125 a
782 1078 943 1124 multis
970 1077 1100 1125 Artis
1136 1075 1385 1122 auctoritas

88 1151 358 1216 interposita
373 1153 522 1201 fuisset
539 1171 623 1216 pro
649 1171 718 1212 ea,
739 1169 880 1216 quam
898 1151 1264 1215 repudiavimuS,
1282 1148 1384 1196 sen-

83 1219 248 1275 tentia,
271 1222 468 1267 conlatae
490 1221 739 1283 diligenter
765 1220 950 1275 veteris,
987 1233 1033 1265 et
1058 1217 1294 1265 hodiernae
1313 1216 1384 1262 vi-

86 1304 148 1338 tae
165 1294 361 1356 periodi,
395 1294 560 1340 slmilia
585 1293 679 1340 fere
720 1293 1059 1347 adolescentiae,
1099 1290 1384 1354 juventutis,

84 1366 340 1427 virilitatis,
400 1381 446 1414 et
499 1367 740 1414 senectutis
783 1380 993 1430 tempora
1034 1366 1296 1421 ostendunt,
1338 1377 1386 1415 et

84 1458 358 1507 comparem
381 1443 566 1507 prorsus
592 1442 965 1506 longaevitatem.
1025 1441 1142 1488 Huc
1167 1439 1278 1486 facit
1302 1457 1386 1486 an·

86 1517 351 1581 tiquiffima,
386 1519 557 1565 Solone
579 1519 764 1564 auctore
779 1515 816 1576 ⁶,
845 1515 1144 1580 periodorum
1165 1515 1288 1561 inter
1310 1513 1385 1560 vi-

87 1592 301 1638 vendum
326 1591 596 1655 descriptio,
617 1608 760 1656 quam
784 1591 862 1638 ille
887 1590 932 1636 in
949 1589 1184 1653 septennia
1201 1588 1386 1634 ordina-

83 1664 168 1711 vit.
193 1665 340 1712 Primi
360 1681 562 1747 namque
578 1666 666 1713 effe
685 1665 857 1713 censuit
876 1665 1087 1713 dentium
1103 1661 1348 1726 generatio
1365 1683 1382 1716 3

85 1736 330 1794 secundi,
319 1738 451 1786 initia
476 1738 749 1820 aptitudinis
775 1739 833 1788 ad
858 1737 1239 1802 generationem:
1287 1749 1383 1782 ter-

81 1810 158 1869 fii,
190 1811 396 1874 lanugo:
437 1814 609 1876 quarti,
640 1814 774 1860 virile
798 1814 970 1859 robur:
1010 1810 1178 1874 quinti,
1223 1822 1381 1856 matu-

87 1884 195 1936 ritas
222 1885 280 1932 ad
305 1886 526 1948 nuptias.
569 1887 702 1944 sexti,
743 1887 926 1932 animus
967 1885 1102 1932 facile
1138 1884 1193 1929 ad
1221 1875 1384 1928 omnia

85 1971 274 2021 patratus
298 1975 310 2004 2
337 1958 519 2021 septimi
545 1972 590 2005 et
612 1959 785 2014 oftavi,
812 1959 1013 2020 gravitas
1038 1958 1084 2003 in
1112 1955 1381 2017 intelligen-

87 2032 154 2078 tia
178 2046 225 2078 et
249 2031 442 2093 lingua:
487 2032 597 2079 noni
622 2033 821 2095 denique
849 2032 1046 2096 jamque
1082 2031 1128 2076 in
1159 2029 1381 2079 omnibus

87 2105 319 2159 remiffio3
357 2118 402 2151 et
425 2105 614 2164 decimi,
641 2104 688 2152 in
709 2106 852 2152 finem
877 2105 969 2151 sola
994 2104 1155 2150 mortis
1181 2102 1383 2149 medita-

90 2179 158 2226 tio
183 2193 229 2225 et
254 2179 531 2242 expectatio.
603 2180 774 2235 Fallor,
815 2196 967 2226 annon
1009 2179 1056 2225 in
1081 2193 1253 2240 magna
1281 2175 1379 2232 ista,

88 2269 197 2317 quae
223 2252 549 2300 circumfertur
575 2254 767 2302 humani
801 2255 982 2316 generis
1008 2252 1287 2308 defectione,
1320 2252 1380 2298 fi-

87 2333 214 2398 milis
238 2333 379 2379 ctiam
402 2333 595 2381 vivendi
624 2335 737 2382 ordo
763 2334 959 2391 obtinet,
1000 2332 1082 2379 nisi
1114 2332 1243 2396 quod
1283 2331 1377 2378 for-

87 2409 206 2455 taflis
232 2407 304 2462 iis,
332 2423 532 2469 quorum
557 2408 655 2455 vita
679 2407 896 2470 superstes
922 2408 1000 2463 est,
1020 2407 1101 2454 vix
1128 2405 1378 2469 certe-sep-

86 2482 370 2546 tuagefimus
409 2498 553 2531 annus
597 2485 644 2531 in
687 2496 815 2532 tanta
851 2483 1015 2531 mortis
1056 2482 1377 2547 expectatione

86 2676 89 2679 '
130 2667 149 2690 ⁶
177 2666 295 2705 Conf.
327 2667 431 2705 Phil.
464 2668 558 2718 Jud.
589 2667 630 2709 in
648 2669 740 2710 Lib.
772 2669 814 2706 de
842 2668 972 2710 Bsund.
993 2668 1125 2724 Opzfic.
1149 2667 1242 2708 item
1273 2671 1367 2708 0,ε’ν·;
1354 2693 1382 2711 .

78 2721 190 2766 Alex.
213 2721 342 2761 Staemom
370 2722 422 2761 L
415 2719 460 2763 ’.ὀ
476 2720 549 2762 VI.

718 2774 765 2823 G
801 2790 829 2837 3
1167 2771 1377 2837 degitur.
