1871 3211
416 232 506 291 198
645 228 762 276 DE
817 225 1446 278 VIT.PER10D.

412 359 555 419 dieta,
590 359 734 408 febris
770 359 875 407 alba
906 358 1177 422 Virginum‚
1211 373 1408 423 utraque
1434 358 1557 408 Vitae
1581 368 1703 408 tem·

412 450 529 497 pora
549 451 643 483 non
665 450 770 482 raro
795 446 1116 498 corrumpunt.

482 594 566 639 40.
603 580 938 638 Consimiliter,
981 596 1088 645 quae
1124 580 1500 628 communiffima
1523 578 1705 627 Pubes-

419 655 630 702 centibus
656 655 901 719 pituitariae
937 656 1236 711 membranae,
1263 668 1309 702 et
1329 653 1567 718 pulmonis
1592 654 1710 700 vitia

414 726 548 790 supra
565 728 949 789 significavimus,
970 727 1344 774 menstruationis
1369 728 1592 775 terminos
1612 727 1710 774 fere

413 800 556 846 etiam
578 800 853 862 corripiunt,
881 800 1110 845 diuturnae
1123 800 1307 855 Tuffes‚
1326 799 1526 846 difficilis
1541 801 1705 864 Respi-

415 871 546 926 ratio,
590 872 838 935 multiplex
883 871 1097 918 Asthma.
1186 871 1421 919 Caeterum
1472 872 1710 934 sanguinis

417 943 606 1006 spuitio,
632 958 678 991 et
718 944 1080 1006 Haemophtisls,
1119 945 1307 1008 propius
1350 944 1560 991 medium
1585 945 1714 992 Vitae

417 1016 648 1075 infestant,
689 1032 741 1066 ut
768 1032 931 1066 neutra
949 1035 1004 1064 ex
1030 1019 1262 1075 aetatibus‚
1299 1020 1356 1065 de
1383 1018 1556 1082 quibus
1601 1018 1712 1066 scri-

418 1089 595 1149 bimus,
643 1093 846 1139 multum
872 1092 1055 1148 exinde,
1099 1092 1228 1155 quod
1270 1092 1350 1138 fibi
1379 1104 1577 1146 metuat,
1625 1091 1710 1139 ha-

417 1164 542 1212 beat.
615 1166 826 1213 Tametsi
859 1167 1032 1213 etenim
1072 1166 1443 1215 pubescentibus
1477 1165 1712 1229 sanguinis

419 1237 551 1301 sputa
592 1239 708 1303 saepe
744 1241 872 1297 fiant,
914 1239 1121 1288 rariffimi
1150 1239 1456 1287 nihilominus
1483 1240 1588 1286 sunt
1611 1238 1713 1302 ejus

420 1311 571 1359 aetatis
611 1313 821 1369 Phtifici,
864 1314 1063 1362 thoracis
1091 1330 1208 1361 cavo
1248 1313 1395 1360 adhuc
1432 1313 1552 1360 ultra
1592 1313 1714 1361 dila-

420 1384 574 1432 tabili.
626 1386 852 1435 Similiter
876 1389 996 1435 ultra
1022 1387 1289 1452 septimum,
1316 1387 1390 1433 vel
1415 1386 1593 1435 sextum
1624 1387 1714 1434 eti-

422 1474 497 1505 am
525 1460 815 1524 septennium
852 1464 1103 1527 provectis,
1147 1480 1246 1510 rara
1283 1479 1340 1509 ex
1387 1461 1711 1525 Haemophtifi

422 1533 589 1580 Phtisis
637 1536 863 1598 procedit,
923 1536 1016 1584 fere
1080 1536 1424 1601 profluviorum
1479 1535 1714 1601 sanguinis

421 1606 572 1652 caussa
597 1622 704 1653 cum
730 1622 868 1655 aetate
896 1610 1156 1657 debilitata.
1231 1608 1609 1656 Tubercularem
1636 1622 1711 1655 ta-

395 1693 530 1749 ·men
559 1680 764 1727 Phtisem
792 1681 868 1728 ista
907 1697 1033 1739 zetas,
1071 1696 1118 1729 et
1160 1683 1288 1729 annis
1328 1682 1469 1728 etiam
1512 1682 1713 1744 amplius

383 1809 385 1813 Ι
422 1764 602 1798 matura
625 1754 772 1810 videt,
807 1772 952 1819 eaque
984 1769 1255 1819 peremptos
1296 1757 1436 1802 Senes
1463 1756 1715 1818 aliquando

423 1839 500 1869 me
527 1825 687 1873 vidiffe
719 1829 931 1875 memini.
1001 1828 1078 1876 Fit
1118 1844 1328 1892 quoque,
1355 1842 1408 1875 ut
1446 1828 1478 1875 si
1515 1828 1629 1891 quid
1667 1830 1714 1884 in

425 1897 652 1960 pulmone
676 1902 968 1962 praecedente
992 1915 1128 1948 aetate
1153 1901 1468 1957 debilitatum,
1505 1901 1714 1950 obstruc-

427 1982 546 2031 tum,
594 1988 672 2020 aut
696 1975 865 2022 durum
891 1976 970 2032 est,
1009 1976 1125 2024 seras
1151 1978 1195 2023 in
1241 1977 1288 2025 id
1328 1991 1513 2041 tempus
1543 1993 1712 2024 aerum-

428 2062 506 2092 nas
531 2047 730 2106 differat,
774 2050 1112 2114 nonnullosque
1149 2050 1246 2115 ejus
1267 2052 1414 2103 aetatis
1440 2052 1714 2115 purulentos

428 2119 657 2181 vidimus,
693 2140 812 2186 quos
840 2137 918 2170 aut
944 2124 1358 2186 Peripneumonia,
1389 2137 1467 2170 aut
1492 2123 1715 2172 diuturna

426 2193 603 2254 Tussis,
645 2211 752 2242 cum
780 2196 825 2243 in
858 2197 1008 2245 :etatis
1035 2197 1193 2260 vigore
1219 2198 1376 2254 essent,
1414 2210 1714 2255 vexaverant,

429 2264 690 2326 cujusmodi
716 2271 951 2317 Venetum
983 2271 1258 2333 quemdam,
1297 2271 1515 2336 Anglicae
1541 2271 1714 2317 cohor-

427 2337 488 2382 tis
529 2339 714 2397 ducem,
758 2342 826 2388 his
866 2342 972 2405 ipsis
1013 2343 1179 2389 diebus
1215 2343 1470 2390 invisimus.
1542 2344 1717 2391 Praeter

429 2428 554 2474 quae,
596 2430 703 2461 cum
731 2433 819 2462 non
847 2434 946 2464 raro
987 2418 1230 2481 incongrui
1269 2434 1375 2464 cum
1401 2431 1534 2464 aetate
1558 2417 1713 2465 morbi

427 2486 669 2548 prodeant,
721 2492 1091 2555 morborumque
1138 2509 1306 2555 genera
1350 2493 1572 2556 quaedam
1619 2491 1716 2540 fere

426 2575 536 2605 cum
556 2560 667 2606 Vita
691 2565 1060 2621 connum-antur,
1099 2565 1302 2628 corporis
1328 2565 1488 2612 habitu
1517 2581 1594 2612 eos
1618 2563 1713 2612 fere

427 2631 691 2694 :id-petente,
735 2632 997 2697 cujusmodi
1026 2638 1264 2700 saepiffime
1290 2639 1454 2687 Plitisis
1494 2639 1575 2693 est,
1602 2637 1711 2684 inde

925 2723 948 2770 5
1558 2708 1714 2757 omnis
