1871 3211
495 225 586 272 160
724 224 841 273 DE
906 224 1092 274 VIT.
1160 195 1559 274 PERIODss⁴

873 490 913 536 C
983 490 1031 536 A
1090 487 1156 538 Ῥ.
1282 490 1378 536 ΙΙΙ.

489 620 560 668 De
598 623 735 668 Statis
778 623 992 684 Univeffae
1042 623 1153 668 Vitae
1197 624 1495 670 Mutationum
1546 620 1766 676 Periodis‚

552 716 779 763 earumque
821 699 993 758 Cazffs,
1035 700 1135 760 five
1173 701 1223 747 de
1259 703 1464 749 AEtcztum
1487 703 1551 748 ·in
1589 701 1768 747 Homine

557 782 919 840 Converfionibus.

494 981 537 1011 1.
722 963 851 1010 IXI
889 962 947 1008 de
984 964 1161 1020 cauffis,
1204 979 1312 1028 quae
1335 960 1389 1006 ad
1417 974 1659 1010 externum
1682 962 1768 1012 ho-

753 1036 930 1082 minem
954 1032 1204 1097 pertinent,
1243 1052 1288 1082 et
1312 1034 1575 1096 regularem
1599 1052 1767 1099 quam—

485 1108 597 1154 dam
622 1124 730 1154 cum
757 1109 882 1157 Vitae
900 1108 1104 1170 periodis
1129 1108 1466 1155 consenfionem
1487 1107 1652 1155 habere
1670 1124 1770 1155 cre-

485 1182 690 1227 duntur:
728 1195 849 1228 nunc
875 1182 933 1228 ad
957 1198 1033 1228 eas
1059 1182 1389 1228 transeundum
1416 1181 1493 1237 est,
1531 1197 1638 1244 quae
1660 1197 1768 1244 pro-

485 1255 590 1317 pius
615 1255 781 1302 interni
807 1256 908 1303 sunt
932 1255 1150 1313 hominis,
1188 1272 1388 1319 quaeque
1415 1272 1524 1302 cum
1548 1255 1767 1312 externis,

485 1346 600 1392 quas
647 1331 1010 1387 nominavimus,
1049 1331 1245 1377 vicissim
1286 1331 1581 1392 colligantur.
1671 1330 1767 1378 His

486 1403 695 1448 multum
721 1404 898 1467 antiqui
919 1403 1106 1450 Medici
1126 1403 1402 1458 tribuerunt,
1424 1414 1470 1447 et
1490 1402 1769 1465 Hippocra-

486 1487 572 1531 tes,
608 1488 654 1522 et
678 1476 726 1533 ii,
765 1479 845 1539 qui
870 1478 1142 1524 rationalem
1182 1476 1476 1523 Medicinam
1517 1475 1767 1523 laudabili-

485 1558 555 1593 ter
569 1548 833 1605 coluerunt‚
851 1550 969 1596 inter
985 1566 1104 1612 quos
1123 1549 1236 1595 Ern.
1260 1548 1509 1603 Sthaalius‚
1531 1548 1602 1594 vir
1621 1547 1767 1595 divite

486 1621 676 1683 ingenio
717 1636 762 1668 et
785 1623 971 1668 scientia
991 1639 1002 1668 :
1029 1636 1080 1667 ut
1108 1622 1242 1668 facile
1265 1635 1508 1684 propterea
1531 1620 1684 1667 omnis
1708 1621 1768 1668 de

486 1696 763 1742 morborum
799 1695 1095 1758 regularitate
1122 1693 1288 1753 sermo,
1326 1695 1372 1740 in
1408 1694 1525 1739 hanc
1549 1692 1768 1754 periodo-

484 1782 590 1813 rum
609 1767 734 1833 Vitae
773 1766 1239 1829 contemplationem,
1280 1782 1442 1812 eorum
1473 1762 1656 1828 judicio
1687 1781 1766 1811 ca-

485 1839 580 1886 dat.

554 1999 600 2030 2,
638 1984 723 2030 Nil
749 1995 872 2029 certe
898 1982 1047 2029 adhuc
1072 1980 1332 2028 mirabilius
1358 1980 1440 2026 sub
1462 1979 1765 2027 Medicorum

485 2059 649 2103 oeulos
674 2058 838 2106 cadere
862 2057 1025 2119 potest,
1061 2073 1204 2120 quam
1224 2069 1274 2101 ut
1299 2071 1387 2100 non
1414 2055 1561 2100 solum
1581 2054 1767 2117 pestifer

485 2130 611 2176 calor
635 2141 711 2175 aut
735 2130 859 2192 rigor
893 2142 939 2175 et
974 2130 1110 2175 certis
1149 2141 1322 2175 remeet
1362 2127 1502 2182 hori5‚
1528 2140 1573 2172 et
1604 2125 1767 2173 diebus

484 2216 530 2248 et
575 2202 810 2261 nofflbus,
846 2202 1078 2249 mensibus
1104 2215 1148 2248 et
1179 2201 1325 2254 annis,
1363 2199 1483 2245 trino
1510 2211 1603 2245 -aut
1646 2214 1766 2261 qua-

483 2275 618 2321 drino
642 2274 840 2321 circuitu
862 2276 1142 2339 interposito,
1168 2274 1225 2319 de
1242 2273 1411 2336 quibus
1430 2271 1562 2334 supra
1584 2271 1765 2333 scripfi-

483 2362 603 2402 mm,
641 2348 718 2393 sed
738 2356 770 2377 “
789 2348 921 2411 quod
938 2348 1092 2410 aliqua
1112 2359 1297 2408 repente
1322 2345 1593 2391 morborum
1617 2359 1763 2405 gene-

482 2435 533 2464 ra
557 2419 602 2463 in
627 2421 849 2466 membris
876 2419 1121 2467 hominum
1147 2421 1281 2465 certis
1318 2431 1362 2464 et
1387 2418 1615 2472 aetatibus,
1639 2430 1761 2462 tam-

485 2507 627 2552 quam
653 2492 777 2536 malo
803 2492 1020 2554 eligente,
1046 2492 1191 2538 fiant:
1241 2491 1340 2537 haec
1374 2491 1629 2537 Puerorum
1647 2488 1752 2545 esse,

486 2563 564 2609 illa
600 2563 934 2611 Adultorum.''
1006 2565 1249 2620 Praeterea,
1277 2563 1403 2626 quod
1430 2579 1454 2608 a
1474 2560 1629 2608 Plinio
1653 2559 1761 2606 dili-

1497 2633 1755 2697 gentiffime

1861 2143 1871 2206 ἒ

1858 2602 1871 2657 ‘l

1842 2924 1871 3071 >3⁰3525=
1852 2883 1862 2912 «ν
1846 2851 1866 2873 *r*
1854 2827 1861 2841 e

1850 3064 1859 3095 ⁶-

1864 3070 1871 3088 ᾳ
