<?xml version="1.0" encoding="UTF-8"?>
<!DOCTYPE html PUBLIC "-//W3C//DTD XHTML 1.0 Transitional//EN"
    "http://www.w3.org/TR/xhtml1/DTD/xhtml1-transitional.dtd">
<html xmlns="http://www.w3.org/1999/xhtml" xml:lang="en" lang="en">
 <head>
  <title>
</title>
<meta http-equiv="Content-Type" content="text/html;charset=utf-8" />
  <meta name='ocr-system' content='tesseract 3.04.00' />
  <meta name='ocr-capabilities' content='ocr_page ocr_carea ocr_par ocr_line ocrx_word'/>
</head>
<body>
  <div class='ocr_page' id='page_1' title='image "./devitalibusperio02testuoft_0072.png"; bbox 0 0 1871 3211; ppageno 0'>
   <div class='ocr_carea' id='block_1_1' title="bbox 469 202 1524 271">
    <p class='ocr_par' dir='ltr' id='par_1_1' title="bbox 469 202 1524 271">
     <span class='ocr_line' id='line_1_1' title="bbox 469 202 1524 271; baseline -0.004 -17"><span class='ocrx_word' id='word_1_1' title='bbox 469 208 528 271; x_wconf 71' lang='lat'>38</span> <span class='ocrx_word' id='word_1_2' title='bbox 703 203 823 253; x_wconf 83' lang='lat' dir='ltr'>DE</span> <span class='ocrx_word' id='word_1_3' title='bbox 883 202 1524 251; x_wconf 86' lang='lat' dir='ltr'>VIT.PER10D.</span> 
     </span>
    </p>
   </div>
   <div class='ocr_carea' id='block_1_2' title="bbox 470 332 1770 1137">
    <p class='ocr_par' dir='ltr' id='par_1_2' title="bbox 470 332 1770 1137">
     <span class='ocr_line' id='line_1_2' title="bbox 470 332 1759 414; baseline -0.003 -27"><span class='ocrx_word' id='word_1_4' title='bbox 470 342 565 388; x_wconf 57' lang='lat' dir='ltr'>&amp;a</span> <span class='ocrx_word' id='word_1_5' title='bbox 613 337 731 414; x_wconf 81' lang='lat' dir='ltr'>saepe</span> <span class='ocrx_word' id='word_1_6' title='bbox 768 335 1021 392; x_wconf 67' lang='lat' dir='ltr'>dissimiles,</span> <span class='ocrx_word' id='word_1_7' title='bbox 1062 348 1109 383; x_wconf 90' lang='lat' dir='ltr'>et</span> <span class='ocrx_word' id='word_1_8' title='bbox 1145 335 1359 398; x_wconf 75' lang='lat' dir='ltr'>opposita</span> <span class='ocrx_word' id='word_1_9' title='bbox 1395 335 1571 382; x_wconf 86' lang='lat' dir='ltr'>ratione</span> <span class='ocrx_word' id='word_1_10' title='bbox 1609 332 1759 383; x_wconf 83' lang='lat' dir='ltr'>morbi</span> 
     </span>
     <span class='ocr_line' id='line_1_3' title="bbox 470 400 1763 466; baseline -0.002 -7"><span class='ocrx_word' id='word_1_11' title='bbox 470 400 716 466; x_wconf 87' lang='lat' dir='ltr'>invadunt,</span> <span class='ocrx_word' id='word_1_12' title='bbox 755 423 800 456; x_wconf 90' lang='lat' dir='ltr'>et</span> <span class='ocrx_word' id='word_1_13' title='bbox 843 408 1104 456; x_wconf 52' lang='lat' dir='ltr'>consimiles</span> <span class='ocrx_word' id='word_1_14' title='bbox 1143 421 1320 464; x_wconf 83' lang='lat' dir='ltr'>contra,</span> <span class='ocrx_word' id='word_1_15' title='bbox 1363 425 1523 456; x_wconf 87' lang='lat' dir='ltr'>eorum</span> <span class='ocrx_word' id='word_1_16' title='bbox 1547 408 1763 457; x_wconf 86' lang='lat' dir='ltr'>omnium</span> 
     </span>
     <span class='ocr_line' id='line_1_4' title="bbox 470 481 1763 546; baseline -0.005 -13"><span class='ocrx_word' id='word_1_17' title='bbox 470 484 743 533; x_wconf 80' lang='lat' dir='ltr'>conditione</span> <span class='ocrx_word' id='word_1_18' title='bbox 769 482 1003 531; x_wconf 81' lang='lat' dir='ltr'>conversa.</span> <span class='ocrx_word' id='word_1_19' title='bbox 1058 483 1214 546; x_wconf 82' lang='lat' dir='ltr'>Qae</span> <span class='ocrx_word' id='word_1_20' title='bbox 1205 499 1251 529; x_wconf 85' lang='lat' dir='ltr'>m</span> <span class='ocrx_word' id='word_1_21' title='bbox 1272 483 1422 529; x_wconf 81' lang='lat' dir='ltr'>caussa</span> <span class='ocrx_word' id='word_1_22' title='bbox 1444 481 1575 529; x_wconf 75' lang='lat' dir='ltr'>fuisse</span> <span class='ocrx_word' id='word_1_23' title='bbox 1593 481 1763 544; x_wconf 85' lang='lat' dir='ltr'>judico</span> 
     </span>
     <span class='ocr_line' id='line_1_5' title="bbox 473 555 1761 621; baseline -0.003 -15"><span class='ocrx_word' id='word_1_24' title='bbox 473 576 555 607; x_wconf 89' lang='lat' dir='ltr'>cur</span> <span class='ocrx_word' id='word_1_25' title='bbox 571 560 790 607; x_wconf 80' lang='lat' dir='ltr'>Divinum</span> <span class='ocrx_word' id='word_1_26' title='bbox 816 558 997 621; x_wconf 74' lang='lat' dir='ltr'>aliquid</span> <span class='ocrx_word' id='word_1_27' title='bbox 1028 556 1330 620; x_wconf 86' lang='lat' dir='ltr'>popularibus</span> <span class='ocrx_word' id='word_1_28' title='bbox 1356 556 1532 602; x_wconf 83' lang='lat' dir='ltr'>morbis</span> <span class='ocrx_word' id='word_1_29' title='bbox 1557 555 1761 618; x_wconf 80' lang='lat' dir='ltr'>praeeffe,</span> 
     </span>
     <span class='ocr_line' id='line_1_6' title="bbox 471 628 1766 696; baseline -0.005 -16"><span class='ocrx_word' id='word_1_30' title='bbox 471 633 796 696; x_wconf 83' lang='lat' dir='ltr'>Hippocrates</span> <span class='ocrx_word' id='word_1_31' title='bbox 837 631 1071 686; x_wconf 76' lang='lat' dir='ltr'>scriberet,</span> <span class='ocrx_word' id='word_1_32' title='bbox 1115 630 1280 693; x_wconf 84' lang='lat' dir='ltr'>nilque</span> <span class='ocrx_word' id='word_1_33' title='bbox 1312 630 1454 676; x_wconf 70' lang='lat' dir='ltr'>etiam</span> <span class='ocrx_word' id='word_1_34' title='bbox 1501 628 1766 676; x_wconf 80' lang='lat' dir='ltr'>mirabilius</span> 
     </span>
     <span class='ocr_line' id='line_1_7' title="bbox 473 701 1768 770; baseline -0.003 -18"><span class='ocrx_word' id='word_1_35' title='bbox 473 705 661 770; x_wconf 88' lang='lat' dir='ltr'>reperiri</span> <span class='ocrx_word' id='word_1_36' title='bbox 713 705 839 769; x_wconf 84' lang='lat' dir='ltr'>poffe</span> <span class='ocrx_word' id='word_1_37' title='bbox 887 704 1069 751; x_wconf 75' lang='lat' dir='ltr'>Plinius</span> <span class='ocrx_word' id='word_1_38' title='bbox 1122 701 1358 760; x_wconf 79' lang='lat' dir='ltr'>fateretur,</span> <span class='ocrx_word' id='word_1_39' title='bbox 1416 720 1561 766; x_wconf 88' lang='lat' dir='ltr'>quam</span> <span class='ocrx_word' id='word_1_40' title='bbox 1598 702 1768 766; x_wconf 31' lang='lat' dir='ltr'>&#39;aliqua</span> 
     </span>
     <span class='ocr_line' id='line_1_8' title="bbox 475 777 1763 843; baseline -0.003 -18"><span class='ocrx_word' id='word_1_41' title='bbox 475 778 646 843; x_wconf 80' lang='lat' dir='ltr'>gigni⁴</span> <span class='ocrx_word' id='word_1_42' title='bbox 692 791 881 841; x_wconf 87' lang='lat' dir='ltr'>repente</span> <span class='ocrx_word' id='word_1_43' title='bbox 909 777 1035 832; x_wconf 77' lang='lat' dir='ltr'>vitia,</span> <span class='ocrx_word' id='word_1_44' title='bbox 1073 789 1298 823; x_wconf 84' lang='lat' dir='ltr'>terrarum</span> <span class='ocrx_word' id='word_1_45' title='bbox 1347 777 1392 823; x_wconf 89' lang='lat' dir='ltr'>in</span> <span class='ocrx_word' id='word_1_46' title='bbox 1439 790 1571 840; x_wconf 84' lang='lat' dir='ltr'>parte</span> <span class='ocrx_word' id='word_1_47' title='bbox 1621 778 1763 830; x_wconf 80' lang='lat' dir='ltr'>certa,</span> 
     </span>
     <span class='ocr_line' id='line_1_9' title="bbox 475 849 1770 914; baseline -0.005 -15"><span class='ocrx_word' id='word_1_48' title='bbox 475 851 789 914; x_wconf 80' lang='lat' dir='ltr'>membrisque</span> <span class='ocrx_word' id='word_1_49' title='bbox 829 851 1076 897; x_wconf 84' lang='lat' dir='ltr'>hominum</span> <span class='ocrx_word' id='word_1_50' title='bbox 1117 850 1269 905; x_wconf 88' lang='lat' dir='ltr'>certis,</span> <span class='ocrx_word' id='word_1_51' title='bbox 1315 850 1391 895; x_wconf 89' lang='lat' dir='ltr'>vel</span> <span class='ocrx_word' id='word_1_52' title='bbox 1433 849 1645 896; x_wconf 73' lang='lat' dir='ltr'>aetatibus</span> <span class='ocrx_word' id='word_1_53' title='bbox 1690 861 1770 893; x_wconf 89' lang='lat' dir='ltr'>aut</span> 
     </span>
     <span class='ocr_line' id='line_1_10' title="bbox 477 922 1768 987; baseline -0.005 -13"><span class='ocrx_word' id='word_1_54' title='bbox 477 926 618 974; x_wconf 84' lang='lat' dir='ltr'>etiam</span> <span class='ocrx_word' id='word_1_55' title='bbox 643 924 859 982; x_wconf 86' lang='lat' dir='ltr'>fortunis,</span> <span class='ocrx_word' id='word_1_56' title='bbox 885 939 1125 987; x_wconf 80' lang='lat' dir='ltr'>tamquam</span> <span class='ocrx_word' id='word_1_57' title='bbox 1160 924 1287 970; x_wconf 75' lang='lat' dir='ltr'>malo</span> <span class='ocrx_word' id='word_1_58' title='bbox 1324 924 1527 987; x_wconf 78' lang='lat' dir='ltr'>eligente</span> <span class='ocrx_word' id='word_1_59' title='bbox 1545 946 1558 976; x_wconf 79' lang='lat'>3</span> <span class='ocrx_word' id='word_1_60' title='bbox 1596 923 1694 969; x_wconf 83' lang='lat' dir='ltr'>haec</span> <span class='ocrx_word' id='word_1_61' title='bbox 1723 922 1768 969; x_wconf 82' lang='lat' dir='ltr'>in</span> 
     </span>
     <span class='ocr_line' id='line_1_11' title="bbox 477 997 1769 1065; baseline -0.003 -18"><span class='ocrx_word' id='word_1_62' title='bbox 477 1001 635 1065; x_wconf 86' lang='lat' dir='ltr'>pueris</span> <span class='ocrx_word' id='word_1_63' title='bbox 662 1000 863 1062; x_wconf 74' lang='lat' dir='ltr'>grassari,</span> <span class='ocrx_word' id='word_1_64' title='bbox 909 999 991 1046; x_wconf 83' lang='lat' dir='ltr'>illa</span> <span class='ocrx_word' id='word_1_65' title='bbox 1017 1000 1062 1049; x_wconf 80' lang='lat' dir='ltr'>in</span> <span class='ocrx_word' id='word_1_66' title='bbox 1088 998 1275 1055; x_wconf 80' lang='lat' dir='ltr'>adultis,</span> <span class='ocrx_word' id='word_1_67' title='bbox 1306 999 1404 1046; x_wconf 75' lang='lat' dir='ltr'>haec</span> <span class='ocrx_word' id='word_1_68' title='bbox 1429 1013 1645 1062; x_wconf 84' lang='lat' dir='ltr'>proceres</span> <span class='ocrx_word' id='word_1_69' title='bbox 1670 997 1769 1044; x_wconf 91' lang='lat' dir='ltr'>sen-</span> 
     </span>
     <span class='ocr_line' id='line_1_12' title="bbox 476 1074 968 1137; baseline -0.006 -14"><span class='ocrx_word' id='word_1_70' title='bbox 476 1075 582 1133; x_wconf 81' lang='lat' dir='ltr'>tire,</span> <span class='ocrx_word' id='word_1_71' title='bbox 619 1074 698 1120; x_wconf 78' lang='lat' dir='ltr'>illa</span> <span class='ocrx_word' id='word_1_72' title='bbox 722 1088 968 1137; x_wconf 83' lang='lat' dir='ltr'>pauperes.</span> 
     </span>
    </p>
   </div>
   <div class='ocr_carea' id='block_1_3' title="bbox 477 1203 1773 1335">
    <p class='ocr_par' dir='ltr' id='par_1_3' title="bbox 477 1203 1773 1335">
     <span class='ocr_line' id='line_1_13' title="bbox 553 1203 1773 1269; baseline -0.004 -15"><span class='ocrx_word' id='word_1_73' title='bbox 553 1220 628 1254; x_wconf 86' lang='lat'>10.</span> <span class='ocrx_word' id='word_1_74' title='bbox 709 1221 962 1269; x_wconf 81' lang='lat' dir='ltr'>uamquam</span> <span class='ocrx_word' id='word_1_75' title='bbox 979 1205 1127 1252; x_wconf 84' lang='lat' dir='ltr'>multa</span> <span class='ocrx_word' id='word_1_76' title='bbox 1143 1205 1284 1252; x_wconf 85' lang='lat' dir='ltr'>etiam</span> <span class='ocrx_word' id='word_1_77' title='bbox 1303 1203 1537 1252; x_wconf 73' lang='lat' dir='ltr'>similiter</span> <span class='ocrx_word' id='word_1_78' title='bbox 1528 1220 1573 1255; x_wconf 79' lang='lat' dir='ltr'>m</span> <span class='ocrx_word' id='word_1_79' title='bbox 1591 1216 1773 1250; x_wconf 87' lang='lat' dir='ltr'>contra-</span> 
     </span>
     <span class='ocr_line' id='line_1_14' title="bbox 477 1271 1772 1335; baseline -0.004 -15"><span class='ocrx_word' id='word_1_80' title='bbox 477 1273 596 1320; x_wconf 87' lang='lat' dir='ltr'>riam</span> <span class='ocrx_word' id='word_1_81' title='bbox 612 1273 729 1319; x_wconf 86' lang='lat' dir='ltr'>stant</span> <span class='ocrx_word' id='word_1_82' title='bbox 743 1285 940 1335; x_wconf 77' lang='lat' dir='ltr'>partem,</span> <span class='ocrx_word' id='word_1_83' title='bbox 964 1288 1133 1335; x_wconf 84' lang='lat' dir='ltr'>nempe</span> <span class='ocrx_word' id='word_1_84' title='bbox 1151 1272 1279 1335; x_wconf 89' lang='lat' dir='ltr'>quod</span> <span class='ocrx_word' id='word_1_85' title='bbox 1295 1271 1497 1334; x_wconf 86' lang='lat' dir='ltr'>vigentis</span> <span class='ocrx_word' id='word_1_86' title='bbox 1509 1272 1636 1318; x_wconf 85' lang='lat' dir='ltr'>Anni</span> <span class='ocrx_word' id='word_1_87' title='bbox 1651 1284 1772 1316; x_wconf 89' lang='lat' dir='ltr'>tem-</span> 
     </span>
    </p>
   </div>
   <div class='ocr_carea' id='block_1_4' title="bbox 482 1311 1780 1704">
    <p class='ocr_par' dir='ltr' id='par_1_4' title="bbox 482 1311 1780 1704">
     <span class='ocr_line' id='line_1_15' title="bbox 482 1311 1777 1410; baseline -0.002 -18"><span class='ocrx_word' id='word_1_88' title='bbox 482 1362 612 1410; x_wconf 81' lang='lat' dir='ltr'>pora,</span> <span class='ocrx_word' id='word_1_89' title='bbox 645 1346 850 1409; x_wconf 88' lang='lat' dir='ltr'>aerisque</span> <span class='ocrx_word' id='word_1_90' title='bbox 874 1345 1107 1393; x_wconf 77' lang='lat' dir='ltr'>sensibiles</span> <span class='ocrx_word' id='word_1_91' title='bbox 1142 1311 1375 1401; x_wconf 40' lang='lat' dir='ltr'>affectus?</span> <span class='ocrx_word' id='word_1_92' title='bbox 1377 1344 1484 1395; x_wconf 76' lang='lat' dir='ltr'>alias</span> <span class='ocrx_word' id='word_1_93' title='bbox 1515 1345 1777 1408; x_wconf 88' lang='lat' dir='ltr'>plurimum</span> 
     </span>
     <span class='ocr_line' id='line_1_16' title="bbox 484 1419 1778 1482; baseline 0 -16"><span class='ocrx_word' id='word_1_94' title='bbox 484 1420 542 1466; x_wconf 83' lang='lat' dir='ltr'>ad</span> <span class='ocrx_word' id='word_1_95' title='bbox 561 1419 862 1482; x_wconf 88' lang='lat' dir='ltr'>popularium</span> <span class='ocrx_word' id='word_1_96' title='bbox 888 1419 1165 1466; x_wconf 85' lang='lat' dir='ltr'>morborum</span> <span class='ocrx_word' id='word_1_97' title='bbox 1191 1435 1404 1465; x_wconf 80' lang='lat' dir='ltr'>normam</span> <span class='ocrx_word' id='word_1_98' title='bbox 1434 1419 1676 1466; x_wconf 66' lang='lat' dir='ltr'>contuliss‘e</span> <span class='ocrx_word' id='word_1_99' title='bbox 1698 1420 1778 1472; x_wconf 78' lang='lat' dir='ltr'>vix</span> 
     </span>
     <span class='ocr_line' id='line_1_17' title="bbox 483 1492 1776 1556; baseline 0.002 -18"><span class='ocrx_word' id='word_1_100' title='bbox 483 1493 681 1538; x_wconf 86' lang='lat' dir='ltr'>dubium</span> <span class='ocrx_word' id='word_1_101' title='bbox 707 1492 775 1539; x_wconf 84' lang='lat' dir='ltr'>fit.</span> <span class='ocrx_word' id='word_1_102' title='bbox 804 1495 914 1556; x_wconf 83' lang='lat' dir='ltr'>Qa</span> <span class='ocrx_word' id='word_1_103' title='bbox 939 1492 1116 1539; x_wconf 88' lang='lat' dir='ltr'>ratione</span> <span class='ocrx_word' id='word_1_104' title='bbox 1134 1492 1339 1556; x_wconf 85' lang='lat' dir='ltr'>sumptas</span> <span class='ocrx_word' id='word_1_105' title='bbox 1356 1492 1666 1554; x_wconf 79' lang='lat' dir='ltr'>Higrometro</span> <span class='ocrx_word' id='word_1_106' title='bbox 1688 1494 1776 1541; x_wconf 90' lang='lat' dir='ltr'>ob-</span> 
     </span>
     <span class='ocr_line' id='line_1_18' title="bbox 484 1566 1778 1630; baseline 0.002 -17"><span class='ocrx_word' id='word_1_107' title='bbox 484 1566 774 1623; x_wconf 73' lang='lat' dir='ltr'>servationeS‚</span> <span class='ocrx_word' id='word_1_108' title='bbox 818 1569 1032 1630; x_wconf 85' lang='lat' dir='ltr'>proxime</span> <span class='ocrx_word' id='word_1_109' title='bbox 1065 1583 1175 1612; x_wconf 87' lang='lat' dir='ltr'>cum</span> <span class='ocrx_word' id='word_1_110' title='bbox 1211 1566 1541 1629; x_wconf 79' lang='lat' dir='ltr'>aegrotantium</span> <span class='ocrx_word' id='word_1_111' title='bbox 1566 1583 1778 1626; x_wconf 84' lang='lat' dir='ltr'>numero,</span> 
     </span>
     <span class='ocr_line' id='line_1_19' title="bbox 484 1639 1780 1704; baseline 0.002 -18"><span class='ocrx_word' id='word_1_112' title='bbox 484 1639 598 1686; x_wconf 83' lang='lat' dir='ltr'>stata</span> <span class='ocrx_word' id='word_1_113' title='bbox 642 1641 943 1704; x_wconf 81' lang='lat' dir='ltr'>proportione</span> <span class='ocrx_word' id='word_1_114' title='bbox 992 1640 1264 1696; x_wconf 85' lang='lat' dir='ltr'>consentire,</span> <span class='ocrx_word' id='word_1_115' title='bbox 1308 1639 1593 1702; x_wconf 77' lang='lat' dir='ltr'>Graiugerus</span> <span class='ocrx_word' id='word_1_116' title='bbox 1641 1641 1780 1700; x_wconf 81' lang='lat' dir='ltr'>vidit,</span> 
     </span>
    </p>
   </div>
   <div class='ocr_carea' id='block_1_5' title="bbox 487 1714 1847 1777">
    <p class='ocr_par' dir='ltr' id='par_1_5' title="bbox 487 1714 1847 1777">
     <span class='ocr_line' id='line_1_20' title="bbox 487 1714 1847 1777; baseline 0.003 -18"><span class='ocrx_word' id='word_1_117' title='bbox 487 1714 706 1777; x_wconf 87' lang='lat' dir='ltr'>coeloque</span> <span class='ocrx_word' id='word_1_118' title='bbox 732 1727 922 1777; x_wconf 90' lang='lat' dir='ltr'>repente</span> <span class='ocrx_word' id='word_1_119' title='bbox 957 1728 1155 1770; x_wconf 86' lang='lat' dir='ltr'>mutato,</span> <span class='ocrx_word' id='word_1_120' title='bbox 1205 1714 1375 1761; x_wconf 89' lang='lat' dir='ltr'>subitas</span> <span class='ocrx_word' id='word_1_121' title='bbox 1407 1714 1615 1762; x_wconf 78' lang='lat' dir='ltr'>similiter</span> <span class='ocrx_word' id='word_1_122' title='bbox 1652 1733 1779 1763; x_wconf 84' lang='lat' dir='ltr'>mor·</span> <span class='ocrx_word' id='word_1_123' title='bbox 1845 1718 1847 1722; x_wconf 72' lang='grc'>’</span> 
     </span>
    </p>
   </div>
   <div class='ocr_carea' id='block_1_6' title="bbox 481 1787 1784 2445">
    <p class='ocr_par' dir='ltr' id='par_1_6' title="bbox 481 1787 1784 2445">
     <span class='ocr_line' id='line_1_21' title="bbox 485 1787 1781 1846; baseline 0.003 -14"><span class='ocrx_word' id='word_1_124' title='bbox 485 1787 652 1832; x_wconf 87' lang='lat' dir='ltr'>borum</span> <span class='ocrx_word' id='word_1_125' title='bbox 701 1788 1021 1834; x_wconf 76' lang='lat' dir='ltr'>conversiones</span> <span class='ocrx_word' id='word_1_126' title='bbox 1081 1788 1201 1846; x_wconf 83' lang='lat' dir='ltr'>fieri,</span> <span class='ocrx_word' id='word_1_127' title='bbox 1254 1787 1476 1833; x_wconf 88' lang='lat' dir='ltr'>industres</span> <span class='ocrx_word' id='word_1_128' title='bbox 1524 1790 1781 1836; x_wconf 85' lang='lat' dir='ltr'>monstrant</span> 
     </span>
     <span class='ocr_line' id='line_1_22' title="bbox 486 1857 1778 1923; baseline 0.005 -20"><span class='ocrx_word' id='word_1_129' title='bbox 486 1857 696 1920; x_wconf 83' lang='lat' dir='ltr'>undique</span> <span class='ocrx_word' id='word_1_130' title='bbox 716 1859 927 1908; x_wconf 84' lang='lat' dir='ltr'>Medicae</span> <span class='ocrx_word' id='word_1_131' title='bbox 949 1860 1145 1907; x_wconf 78' lang='lat' dir='ltr'>historiae</span> <span class='ocrx_word' id='word_1_132' title='bbox 1164 1860 1422 1923; x_wconf 86' lang='lat' dir='ltr'>scriptores.</span> <span class='ocrx_word' id='word_1_133' title='bbox 1459 1860 1778 1910; x_wconf 87' lang='lat' dir='ltr'>Observatum</span> 
     </span>
     <span class='ocr_line' id='line_1_23' title="bbox 481 1930 1779 2001; baseline 0.002 -21"><span class='ocrx_word' id='word_1_134' title='bbox 481 1930 550 1990; x_wconf 58' lang='lat' dir='ltr'>„est</span> <span class='ocrx_word' id='word_1_135' title='bbox 575 1931 736 1990; x_wconf 81' lang='lat' dir='ltr'>etiam,</span> <span class='ocrx_word' id='word_1_136' title='bbox 784 1933 867 1979; x_wconf 90' lang='lat' dir='ltr'>sub</span> <span class='ocrx_word' id='word_1_137' title='bbox 891 1934 998 1980; x_wconf 81' lang='lat' dir='ltr'>data</span> <span class='ocrx_word' id='word_1_138' title='bbox 1023 1935 1134 1981; x_wconf 89' lang='lat' dir='ltr'>coeli</span> <span class='ocrx_word' id='word_1_139' title='bbox 1160 1934 1404 1998; x_wconf 89' lang='lat' dir='ltr'>temperie,</span> <span class='ocrx_word' id='word_1_140' title='bbox 1442 1951 1606 1982; x_wconf 85' lang='lat' dir='ltr'>omnes</span> <span class='ocrx_word' id='word_1_141' title='bbox 1631 1936 1779 2001; x_wconf 88' lang='lat' dir='ltr'>cujus-</span> 
     </span>
     <span class='ocr_line' id='line_1_24' title="bbox 488 2006 1781 2073; baseline 0.008 -25"><span class='ocrx_word' id='word_1_142' title='bbox 488 2018 694 2067; x_wconf 77' lang='lat' dir='ltr'>cumque</span> <span class='ocrx_word' id='word_1_143' title='bbox 717 2006 899 2067; x_wconf 83' lang='lat' dir='ltr'>generis</span> <span class='ocrx_word' id='word_1_144' title='bbox 923 2008 1076 2055; x_wconf 89' lang='lat' dir='ltr'>morbi</span> <span class='ocrx_word' id='word_1_145' title='bbox 1103 2010 1203 2065; x_wconf 83' lang='lat' dir='ltr'>fint‚</span> <span class='ocrx_word' id='word_1_146' title='bbox 1247 2008 1396 2054; x_wconf 87' lang='lat' dir='ltr'>multa</span> <span class='ocrx_word' id='word_1_147' title='bbox 1420 2007 1554 2054; x_wconf 86' lang='lat' dir='ltr'>fimul</span> <span class='ocrx_word' id='word_1_148' title='bbox 1586 2009 1781 2073; x_wconf 87' lang='lat' dir='ltr'>fimpto-</span> 
     </span>
     <span class='ocr_line' id='line_1_25' title="bbox 488 2080 1782 2146; baseline 0.008 -24"><span class='ocrx_word' id='word_1_149' title='bbox 488 2091 671 2123; x_wconf 86' lang='lat' dir='ltr'>matum</span> <span class='ocrx_word' id='word_1_150' title='bbox 714 2080 1054 2129; x_wconf 79' lang='lat' dir='ltr'>communitate</span> <span class='ocrx_word' id='word_1_151' title='bbox 1094 2083 1366 2140; x_wconf 82' lang='lat' dir='ltr'>consociari,</span> <span class='ocrx_word' id='word_1_152' title='bbox 1414 2098 1556 2145; x_wconf 86' lang='lat' dir='ltr'>quarn</span> <span class='ocrx_word' id='word_1_153' title='bbox 1585 2084 1782 2146; x_wconf 86' lang='lat' dir='ltr'>proinde</span> 
     </span>
     <span class='ocr_line' id='line_1_26' title="bbox 492 2153 1781 2225; baseline 0.007 -28"><span class='ocrx_word' id='word_1_154' title='bbox 492 2167 572 2198; x_wconf 91' lang='lat' dir='ltr'>eos</span> <span class='ocrx_word' id='word_1_155' title='bbox 598 2153 656 2198; x_wconf 87' lang='lat' dir='ltr'>ab</span> <span class='ocrx_word' id='word_1_156' title='bbox 683 2169 783 2200; x_wconf 83' lang='lat' dir='ltr'>aere</span> <span class='ocrx_word' id='word_1_157' title='bbox 803 2156 1010 2219; x_wconf 88' lang='lat' dir='ltr'>recipere</span> <span class='ocrx_word' id='word_1_158' title='bbox 1034 2158 1291 2206; x_wconf 76' lang='lat' dir='ltr'>verosimile</span> <span class='ocrx_word' id='word_1_159' title='bbox 1309 2158 1388 2205; x_wconf 83' lang='lat' dir='ltr'>est.</span> <span class='ocrx_word' id='word_1_160' title='bbox 1461 2160 1781 2225; x_wconf 66' lang='lat' dir='ltr'>Quapropter,</span> 
     </span>
     <span class='ocr_line' id='line_1_27' title="bbox 493 2224 1783 2294; baseline 0.012 -26"><span class='ocrx_word' id='word_1_161' title='bbox 493 2224 620 2287; x_wconf 77' lang='lat' dir='ltr'>siqua</span> <span class='ocrx_word' id='word_1_162' title='bbox 644 2228 889 2289; x_wconf 84' lang='lat' dir='ltr'>tempestas</span> <span class='ocrx_word' id='word_1_163' title='bbox 928 2229 1128 2292; x_wconf 84' lang='lat' dir='ltr'>aliqua</span> <span class='ocrx_word' id='word_1_164' title='bbox 1118 2248 1163 2276; x_wconf 83' lang='lat' dir='ltr'>in</span> <span class='ocrx_word' id='word_1_165' title='bbox 1190 2234 1333 2278; x_wconf 88' lang='lat' dir='ltr'>Anno</span> <span class='ocrx_word' id='word_1_166' title='bbox 1359 2231 1783 2294; x_wconf 83' lang='lat' dir='ltr'>praedominaverit,</span> 
     </span>
     <span class='ocr_line' id='line_1_28' title="bbox 493 2297 1784 2386; baseline 0.011 -45"><span class='ocrx_word' id='word_1_167' title='bbox 493 2312 575 2342; x_wconf 82' lang='lat' dir='ltr'>ver</span> <span class='ocrx_word' id='word_1_168' title='bbox 598 2297 668 2353; x_wconf 84' lang='lat' dir='ltr'>fit,</span> <span class='ocrx_word' id='word_1_169' title='bbox 691 2297 835 2356; x_wconf 68' lang='lat' dir='ltr'>aestas,</span> <span class='ocrx_word' id='word_1_170' title='bbox 864 2302 954 2348; x_wconf 86' lang='lat' dir='ltr'>&amp;c.</span> <span class='ocrx_word' id='word_1_171' title='bbox 1009 2304 1187 2350; x_wconf 65' lang='lat' dir='ltr'>cunctae</span> <span class='ocrx_word' id='word_1_172' title='bbox 1211 2321 1317 2367; x_wconf 80' lang='lat' dir='ltr'>quae</span> <span class='ocrx_word' id='word_1_173' title='bbox 1347 2322 1429 2386; x_wconf 80' lang='lat' dir='ltr'>per</span> <span class='ocrx_word' id='word_1_174' title='bbox 1454 2306 1568 2352; x_wconf 81' lang='lat' dir='ltr'>illud</span> <span class='ocrx_word' id='word_1_175' title='bbox 1595 2320 1784 2371; x_wconf 83' lang='lat' dir='ltr'>tempus</span> 
     </span>
     <span class='ocr_line' id='line_1_29' title="bbox 494 2367 1779 2445; baseline 0.01 -28"><span class='ocrx_word' id='word_1_176' title='bbox 494 2367 706 2418; x_wconf 77' lang='lat' dir='ltr'>incidunt</span> <span class='ocrx_word' id='word_1_177' title='bbox 724 2374 1108 2435; x_wconf 80' lang='lat' dir='ltr'>aegritudines,m</span> <span class='ocrx_word' id='word_1_178' title='bbox 1061 2392 1234 2439; x_wconf 81' lang='lat' dir='ltr'>magna</span> <span class='ocrx_word' id='word_1_179' title='bbox 1259 2377 1424 2425; x_wconf 79' lang='lat' dir='ltr'>simul</span> <span class='ocrx_word' id='word_1_180' title='bbox 1414 2395 1461 2425; x_wconf 81' lang='lat' dir='ltr'>in</span> <span class='ocrx_word' id='word_1_181' title='bbox 1483 2379 1652 2428; x_wconf 85' lang='lat' dir='ltr'>inceffu</span> <span class='ocrx_word' id='word_1_182' title='bbox 1671 2399 1779 2445; x_wconf 89' lang='lat' dir='ltr'>pro-</span> 
     </span>
    </p>
   </div>
   <div class='ocr_carea' id='block_1_7' title="bbox 748 2558 1785 2690">
    <p class='ocr_par' dir='ltr' id='par_1_7' title="bbox 748 2558 1785 2690">
     <span class='ocr_line' id='line_1_30' title="bbox 748 2558 1521 2611; baseline 0.016 -18"><span class='ocrx_word' id='word_1_183' title='bbox 748 2559 767 2582; x_wconf 75' lang='lat'><strong>⁴</strong></span> <span class='ocrx_word' id='word_1_184' title='bbox 794 2558 885 2597; x_wconf 49' lang='grc' dir='ltr'>Καὶ.</span> <span class='ocrx_word' id='word_1_185' title='bbox 905 2560 1004 2611; x_wconf 64' lang='grc' dir='ltr'>Ηζβ.</span> <span class='ocrx_word' id='word_1_186' title='bbox 1031 2562 1116 2602; x_wconf 62' lang='lat' dir='ltr'>Lib.</span> <span class='ocrx_word' id='word_1_187' title='bbox 1136 2562 1252 2602; x_wconf 88' lang='lat' dir='ltr'>XXV</span> <span class='ocrx_word' id='word_1_188' title='bbox 1257 2564 1290 2603; x_wconf 75' lang='lat' dir='ltr'>I.</span> <span class='ocrx_word' id='word_1_189' title='bbox 1321 2569 1357 2604; x_wconf 73' lang='lat' dir='ltr'>in</span> <span class='ocrx_word' id='word_1_190' title='bbox 1376 2567 1521 2606; x_wconf 63' lang='lat' dir='ltr'>Praem-</span> 
     </span>
     <span class='ocr_line' id='line_1_31' title="bbox 1523 2623 1785 2690; baseline 0.004 -18"><span class='ocrx_word' id='word_1_191' title='bbox 1523 2623 1785 2690; x_wconf 78' lang='lat' dir='ltr'>pinquitate</span> 
     </span>
    </p>
   </div>
   <div class='ocr_carea' id='block_1_8' title="bbox 1844 0 1866 98">
    <p class='ocr_par' dir='ltr' id='par_1_8' title="bbox 1844 0 1866 98">
     <span class='ocr_line' id='line_1_32' title="bbox 1844 0 1866 98; textangle 90"><span class='ocrx_word' id='word_1_192' title='bbox 1844 0 1866 98; x_wconf 44' lang='lat' dir='ltr'>usae</span> 
     </span>
    </p>
   </div>
  </div>
 </body>
</html>
