1871 3211
430 298 1128 350 CVAUSSIS.
1331 310 1426 360 213

141 448 262 498 quos
286 444 418 481 antea
443 433 711 490 citavimus,
751 433 851 480 sunt
882 429 1150 497 gravisfimi,
1188 428 1428 493 utriusque

142 509 310 566 aetatis,
348 508 513 574 capitis
543 510 717 568 morbi,
754 509 991 572 Epilepfia
1032 505 1227 570 quidem
1254 507 1434 551 Puero-

144 598 266 639 rum,
316 583 582 646 Apoplexia
617 585 788 630 Senum
811 600 822 628 z
870 598 1041 645 magna
1081 581 1195 626 item
1241 579 1434 626 morbo-

144 671 249 702 rum
271 673 392 720 pars,
419 672 525 720 quae
545 657 759 705 infimum
779 669 989 703 ventrem
1017 656 1062 701 in
1088 667 1281 717 utraque
1298 665 1436 699 aetate

147 745 304 788 vexat,
347 730 608 794 cujusmodi
649 731 753 778 sunt
793 730 973 791 hepatis
1015 729 1252 785 infaustus,
1297 742 1342 776 et
1366 727 1436 774 fa-

147 804 239 851 cile
278 807 322 853 in
367 806 572 869 utrisque
608 804 896 867 culpandum
923 803 1029 849 bilis
1050 803 1278 859 officium,
1304 804 1437 850 exin-

147 879 303 942 deque
344 879 486 926 modo
530 879 701 925 ventris
740 878 909 933 fluxus,
956 876 1099 923 modo
1140 877 1254 922 dura
1291 877 1438 933 alvus,

146 953 299 998 multa
322 953 571 1015 utrobique
598 952 778 998 fastidia
803 951 1029 998 afferunt:
1076 967 1169 1013 qua
1206 950 1251 996 in
1283 967 1330 996 re
1355 967 1440 996 no-

148 1024 319 1071 tiffima
342 1025 403 1071 est
431 1026 739 1089 Hippocratis
763 1024 1041 1080 observatio,
1067 1023 1288 1070 videlicet
1311 1023 1444 1087 quod

152 1098 294 1144 Senes
319 1100 529 1163 opposita
552 1103 597 1146 in
623 1101 692 1147 his
719 1099 894 1145 ratione
913 1098 1132 1155 ferantur,
1159 1111 1298 1161 atque
1323 1099 1443 1145 dum

154 1171 297 1219 Pueri
340 1188 418 1220 aut
444 1175 772 1222 Adolescentes
793 1173 987 1221 fuerant.
1017 1171 1020 1175 ’
1061 1175 1290 1220 Praeterea
1313 1187 1444 1220 utro-

152 1261 354 1311 rumque
401 1249 662 1296 stomachus
717 1249 961 1296 sorbilium
1009 1248 1213 1294 maxime
1259 1248 1443 1296 deleCm

155 1321 325 1368 rectius
350 1322 510 1379 utitur,
538 1324 749 1370 solidiora
774 1323 961 1381 fastidit,
1000 1337 1044 1371 et
1071 1323 1304 1370 difficilius
1329 1340 1445 1371 con-

158 1397 340 1458 coquit,
382 1410 433 1443 ut
458 1398 600 1445 etiam
626 1399 830 1445 similiter
854 1396 1010 1445 tenelli
1039 1398 1258 1456 Infantes,
1285 1399 1448 1447 Senes·

158 1484 252 1532 que
277 1469 321 1515 in
339 1469 521 1534 jejunio
548 1471 737 1518 ferendo
756 1473 798 1519 se
823 1473 993 1519 habere
1016 1472 1294 1519 videantur:
1338 1489 1446 1536 quae

160 1555 320 1589 tamen
360 1545 517 1591 omnia
562 1546 844 1593 consuetudo
880 1547 1035 1610 potius
1068 1548 1264 1604 deffinst,
1304 1564 1447 1611 quam

161 1618 302 1666 status
326 1622 516 1683 quidam
541 1624 669 1670 Vitae
693 1624 876 1671 modus.
947 1625 1069 1671 Item
1100 1625 1275 1671 ventris
1318 1625 1447 1671 intu-

161 1693 442 1751 mescentiae,
474 1710 520 1741 et
545 1696 807 1744 inflationes
831 1697 1035 1762 utrisque
1059 1698 1228 1761 pariter
1253 1715 1448 1745 moven-

161 1779 252 1822 tur,
278 1782 477 1830 eamque
503 1769 565 1814 ob
591 1771 809 1824 cauffam,
846 1770 1057 1824 arbitror,
1084 1770 1353 1817 multifariae
1379 1772 1450 1817 in-

163 1841 438 1888 testinorum
455 1844 768 1905 procidentiae,
786 1843 1003 1906 utrosque
1022 1845 1319 1891 consimiliter
1336 1846 1452 1908 saepe

165 1930 340 1964 tenent.
431 1918 650 1980 Aquosus
711 1918 854 1964 etiam
910 1918 1232 1965 testiculorum
1279 1933 1448 1978 tumor,

166 2007 460 2056 quamquam
484 2008 565 2054 per
603 2005 749 2038 totam
775 1991 937 2047 vitam,
975 1994 1108 2040 nullo
1138 1994 1297 2041 habito
1339 2010 1452 2043 aeta-

169 2068 227 2113 tis
252 2066 474 2128 respec'tu,
497 2067 718 2121 incurrat,
746 2065 1002 2112 Infantiam
1022 2080 1195 2123 tamen,
1214 2082 1258 2114 et
1278 2069 1452 2114 Senec-

168 2155 321 2187 tutem
347 2141 552 2187 maxime
576 2140 735 2187 inficit.
806 2141 1030 2188 Similiter
1061 2142 1272 2205 longiora
1305 2144 1453 2190 utrin-

169 2232 260 2279 que
286 2214 430 2261 somni
472 2228 700 2276 tempora,
735 2215 943 2277 inquieta
968 2229 1126 2261 tamen
1155 2231 1200 2262 et
1222 2216 1454 2279 frequenti

170 2287 440 2350 vigiliarum
467 2287 822 2349 interpolatione
847 2300 1034 2334 tenuata
1056 2306 1065 2333 ε
1093 2291 1221 2353 quod
1244 2291 1302 2337 de
1329 2289 1452 2337 senili

173 2361 335 2407 somno
357 2362 547 2408 venuste
572 2364 783 2425 expressit
809 2363 864 2409 C.
892 2364 1056 2410 Gallus
1078 2380 1087 2409 τ

253 2494 340 2549 Ipsa
360 2495 482 2536 etiam
502 2496 658 2536 cunetis
681 2497 838 2550 requies
866 2499 1082 2552 gratiliima
1104 2499 1265 2554 somnus

313 2559 506 2610 Abvolat,
525 2570 565 2599 et
586 2560 665 2600 sera
685 2562 753 2600 vix
775 2561 874 2600 mihi
897 2562 1014 2601 1108oe
1035 2563 1163 2604 redit:

256 2620 337 2662 Vel
366 2621 392 2662 fi
416 2621 569 2662 laffatos
586 2638 781 2677 umquam
809 2623 1038 2678 dignabitur
1057 2635 1180 2676 artus,

314 2685 527 2728 Turbidus
555 2687 596 2728 in
627 2688 786 2742 quantis
807 2689 942 2731 horret
961 2690 1224 2747 imaginibus·

1242 2811 1463 2860 Tandem
