1871 3211
451 332 1144 381 CAUSSIS.
1352 345 1440 395 177

148 474 388 524 putantur,
431 464 576 511 veluti
603 466 834 528 Podagra,
874 482 1019 530 quam
1047 465 1093 510 in
1130 463 1368 512 Eunuchis
1394 477 1442 512 et

147 537 346 585 castratis
371 539 657 596 rarissimam,
685 543 785 603 pest
807 542 997 588 Celsum
1024 541 1057 560 ¹0
1083 555 1229 600 nuper
1249 554 1440 601 quoque

136 607 372 671 judicavit
399 613 547 658 Wilh.
582 614 821 660 Cullcn¹'.
893 613 1141 659 Creditum
1179 609 1241 655 est
1283 611 1442 667 etiam,

144 682 192 728 id
217 699 382 745 genus,
426 686 666 733 semiviros
706 687 906 733 elefflici
950 685 1081 731 fluidi
1123 683 1441 730 transmissioni

143 757 317 815 obesse,
362 777 564 825 eamque
599 778 931 825 perrumpere:
970 760 1098 824 quod
1142 772 1300 806 tamen
1328 777 1442 807 con-

143 832 293 878 trariis
351 835 680 897 experimentis
721 851 868 897 nuper
914 834 1233 880 resutaverunt
1273 834 1324 894 J.
1374 837 1441 882 A.

144 909 495 969 Wanswinden,
532 926 579 960 et
605 913 783 977 Sigaud
809 915 866 960 de
890 913 935 960 la
960 913 1095 960 Fond
1117 915 1166 958 ¹².

210 1058 288 1088 22.
326 1046 403 1090 An
431 1047 623 1108 quidem
645 1047 880 1110 resumpta
898 1046 1113 1110 amplior,
1148 1045 1311 1092 latiore
1335 1045 1440 1108 pul-

143 1129 286 1175 mone
323 1118 651 1182 dephlogistici
691 1121 827 1167 Aeris
867 1120 1118 1183 quantitas,
1178 1118 1443 1182 exindeque

144 1186 241 1234 sere
267 1191 417 1238 vitalis
443 1192 610 1255 ignitio
650 1194 865 1240 intensior
890 1193 1026 1250 faeta,
1066 1191 1301 1257 quidquid
1325 1208 1440 1238 con-

142 1260 346 1309 ficiendo
363 1265 579 1327 spermati
602 1269 776 1314 neceffe
800 1267 878 1324 est,
906 1269 1136 1314 acceleret
1157 1289 1168 1320 ;
1198 1266 1289 1312 five
1314 1263 1440 1327 sper-

140 1336 326 1384 maticae
367 1340 548 1386 virtutis
587 1340 768 1387 diffusae
810 1341 855 1386 in
888 1357 1026 1386 omne
1063 1355 1232 1403 corpus
1275 1337 1442 1384 incita-

142 1423 321 1466 mento,
347 1425 393 1456 et
435 1412 611 1476 vigore,
655 1413 897 1476 fluidisque
934 1412 1156 1458 universis
1184 1412 1290 1475 plus
1323 1426 1437 1456 con-

143 1482 497 1542 calescentibus,
563 1504 672 1534 cum
714 1489 943 1551 pulmone
990 1488 1159 1534 thorax
1204 1487 1440 1540 dilatetur,

142 1555 405 1620 cujusmodi
426 1578 534 1609 mox
555 1563 711 1626 postea
727 1564 925 1610 rationes
951 1562 1189 1617 dabimus,
1210 1573 1256 1606 et
1279 1558 1436 1622 quod-

141 1646 252 1676 nam
277 1631 465 1679 illorum
491 1635 621 1681 alteri
647 1637 810 1682 cauffae
831 1636 897 1691 sit,
925 1650 1065 1680 nemo
1083 1631 1220 1678 facile
1245 1631 1433 1678 dixerit.

142 1703 283 1751 Certe
325 1707 459 1753 simul
496 1725 660 1754 eorum
686 1723 899 1772 tempora
935 1707 1237 1768 colligantur,
1287 1717 1333 1749 et
1357 1704 1440 1752 suh

141 1782 322 1846 integra
343 1786 526 1834 seminis
553 1787 863 1846 confectione,
913 1803 1062 1833 novus
1079 1785 1275 1849 jamque
1308 1783 1440 1831 vocis

141 1857 279 1907 sonus
321 1862 491 1917 editur,
537 1863 805 1925 multusque
839 1861 1091 1907 universim
1126 1858 1442 1923 generationis

141 1931 278 1992 inter,
321 1948 367 1980 et
390 1935 702 1997 respirationis
739 1950 931 1996 organa,
971 1931 1216 1979 consensus
1245 1931 1290 1977 in
1318 1931 1439 1977 sani-

142 2020 251 2063 tate,
304 2023 350 2055 et
393 2009 571 2056 morbis
597 2009 794 2065 interest,
842 2022 894 2053 ut
931 2007 985 2054 iis
1026 2006 1101 2052 seu
1126 2007 1327 2062 Venere,
1360 2005 1439 2054 seu

142 2080 462 2144 aphrodisiaco
488 2082 629 2128 etiam
664 2083 766 2127 viru
801 2078 1061 2143 exagitatis,
1094 2078 1190 2124 fere
1216 2076 1437 2140 aphonia,

139 2168 188 2204 et
210 2155 399 2218 laringis
424 2155 627 2219 spasmus
653 2156 814 2201 multis
838 2154 1106 2209 succedant,
1147 2150 1436 2214 plurimique

140 2230 307 2275 acerbe
350 2227 561 2276 faucibus
607 2229 800 2275 doleant
848 2228 893 2273 in
944 2223 1241 2289 gonorrhoici
1282 2223 1438 2272 fluxus

144 2303 294 2351 initio.
367 2306 406 2352 li
432 2306 592 2362 etiam,
631 2304 805 2367 quibus
847 2301 1045 2349 nefanda
1087 2312 1180 2346 arte
1222 2299 1370 2346 excisa
1411 2315 1438 2345 a

145 2378 354 2426 Pueritia
379 2379 576 2427 virilitas
623 2377 728 2433 fuit,
771 2390 936 2440 prs-eter
959 2390 1102 2438 quam
1142 2371 1319 2419 exiliori
1352 2371 1438 2418 s1nt

188 2574 225 2594 ¹⁰
252 2573 342 2623 Cap.
360 2569 470 2608 xxiv.
499 2570 586 2609 Lib.
608 2571 681 2608 IV.
711 2570 772 2608 Ex
787 2569 1038 2620 Hippocrate,
1072 2577 1114 2605 ut
1135 2575 1243 2616 put0,
1275 2562 1446 2602 Eunuchi

132 2646 199 2669 non
217 2631 381 2669 laborant
398 2632 588 2682 Podagra,
620 2647 724 2682 neque
742 2631 964 2680 calvifiunt.
994 2629 1097 2680 Aph.
1118 2625 1255 2666 xxviii.
1288 2626 1373 2664 [ἃᾶ.
1391 2623 1443 2660 Vl·

186 2695 220 2713 ¹¹
249 2693 379 2729 PraeJ.
400 2693 448 2742 of
465 2691 570 2744 Phis.
589 2705 772 2729 ccccxcv·

182 2756 219 2777 ¹2
246 2753 357 2791 ssffwn.
379 2753 420 2790 de
437 2752 550 2792 l'Ac‘l.
570 2754 610 2791 dc
628 2753 881 2802 l’Elec‘Ir.sz.1r
898 2752 943 2789 les
958 2752 1064 2804 Cor-ps
1078 2750 1201 2787 Anim.
1232 2749 1275 2786 P.
1296 2746 1347 2784 Π.

205 2813 332 2859 Vox..
355 2812 421 2860 II.
764 2812 813 2857 N
1304 2819 1438 2860 voce,
