1871 3211
454 253 518 303 50
698 242 814 291 DE
867 243 1049 292 viT.
1107 240 1495 294 PERIOD.

460 374 546 420 bus
584 377 813 433 tenuisset,
839 390 890 424 ut
936 375 1271 440 septemdecim
1311 390 1415 424 ante
1454 374 1751 440 eruptionem
1822 393 1850 401 ’-

460 447 630 496 diebus
658 452 874 515 singulas,
917 468 1032 514 quas
1072 449 1514 506 invafit,'foeminas
1546 449 1749 513 corripe·
1812 451 1827 483 ’-

458 534 541 568 ret.
627 525 800 588 Neque
834 524 960 571 enim
993 523 1158 570 dubito
1198 528 1243 570 in
1285 523 1466 570 summa
1508 523 1752 570 menstruae
1818 518 1823 523 ’

460 596 730 659 eruptionis,
772 597 1092 652 inconstantia,
1127 610 1318 660 propter
1342 596 1515 644 subitas
1536 597 1750 660 aliquan·

458 667 521 714 do
546 670 658 716 aeris
684 670 998 724 alterationes,
1032 669 1107 715 vel
1132 668 1319 715 alterius
1344 667 1601 732 cujuspiam
1622 669 1752 731 prin·

459 741 591 804 cipii,
644 743 772 807 quod
814 743 1097 806 popularem
1143 742 1366 788 morbum
1405 741 1560 798 faciat,
1606 741 1752 788 inter-

459 827 620 872 ventu,
641 814 803 861 multis
825 826 1015 877 repente
1035 812 1245 860 foeminis
1264 813 1400 861 fimul
1425 814 1606 861 menses
1632 813 1752 860 incia

461 887 559 941 tari,
599 888 654 934 iis
693 902 826 935 antea
867 887 930 933 nil
971 887 1235 950 quidquam
1260 903 1514 935 commune
1552 888 1671 934 inter
1709 886 1754 933 se

434 949 754 1011 'habentibus.
828 960 978 1027 Qod
1021 960 1274 1024 aliquando
1316 961 1362 1007 in
1401 976 1576 1023 magna
1615 959 1751 1006 simul

459 1032 865 1079 contubernalium
885 1032 1189 1080 foeminarum
1233 1032 1494 1096 frequentia
1538 1032 1749 1096 percepi.

460 1107 509 1150 A
534 1103 688 1150 subita
729 1106 854 1151 enim
893 1120 939 1152 et
980 1106 1097 1152 saeva
1132 1106 1246 1153 aeris
1270 1106 1494 1170 procella,
1539 1105 1752 1168 plurimis

461 1178 629 1225 eadem
659 1178 793 1225 simul
820 1179 954 1225 noete
990 1179 1458 1242 mensesprodibant,
1484 1192 1532 1226 et
1555 1178 1603 1227 in
1627 1180 1753 1228 mul·-

464 1251 519 1297 tis
546 1251 740 1315 quidem
767 1267 930 1299 eorum
951 1266 1166 1314 tempora
1190 1253 1444 1299 accelerata
1467 1252 1587 1300 sunt.
1656 1297 1659 1300 .

533 1413 608 1458 13.
653 1399 772 1444 Sunt
797 1411 844 1444 et
869 1398 1109 1445 Menfium
1136 1400 1250 1445 fines
1278 1399 1550 1447 morborum
1573 1398 1750 1463 princi-

463 1472 553 1535 piis
572 1473 776 1520 maxime
802 1474 1074 1536 opportuni,
1112 1490 1220 1537 quae
1244 1474 1455 1522 industris
1481 1475 1544 1522 est
1561 1460 1783 1522 sthaani‘
1842 1487 1843 1490 ¹
1870 1483 1871 1528 ς

463 1546 739 1593 observatio.
810 1549 888 1593 An
922 1546 1054 1610 quod
1105 1563 1130 1593 a
1177 1548 1408 1595 menstrua
1448 1548 1753 1597 evacuatione
1811 1539 1846 1614 Χ)
1870 1537 1871 1590 J

463 1621 631 1667 iterum
661 1621 781 1667 cutis
816 1621 1050 1684 abforptio
1077 1634 1299 1684 augeatur
1326 1622 1341 1668 ἓ
1376 1622 1514 1668 Certe
1538 1620 1753 1670 foeminae

463 1693 645 1741 facilius
679 1696 820 1742 etiam
862 1712 944 1758 per
980 1713 1033 1742 ea
1061 1709 1273 1758 tempora
1317 1697 1608 1760 concipiunt,
1642 1697 1750 1744 nol-

462 1767 701 1830 lentesque
727 1781 1020 1830 praegnantes
1040 1769 1154 1825 fieri,
1177 1769 1487 1816 concubitum
1511 1768 1592 1815 sub
1617 1784 1751 1816 men*

462 1841 721 1888 struationis
749 1844 840 1889 fine
865 1842 1094 1889 recusant.

533 2007 609 2051 14.
643 1994 821 2039 Annon
864 1992 1004 2055 igitur
1044 1991 1279 2039 menstruo
1312 1990 1539 2055 ejusmodi
1576 1994 1747 2040 motio-

464 2082 574 2112 num
601 2065 645 2111 in
681 2065 778 2111 vita
818 2065 1014 2111 circuitu
1056 2078 1259 2120 extante,
1294 2064 1425 2128 cujus
1459 2064 1664 2112 exordiis
1704 2079 1767 2114 et-

460 2138 634 2185 finibus
659 2137 777 2200 saepe
804 2138 1081 2184 morborum
1107 2138 1325 2202 periodos
1357 2137 1586 2186 interstrui
1612 2153 1750 2186 vero-

462 2211 605 2258 limile
631 2209 710 2267 est,
749 2210 1016 2272 infigniores
1050 2210 1258 2256 similiter
1281 2209 1327 2256 in
1344 2209 1608 2274 judicando
1647 2204 1762 2259 dies*

460 2286 637 2332 caeteris
683 2286 935 2332 universim
999 2285 1229 2348 praestant,
1289 2287 1416 2348 quod
1472 2302 1750 2333 communes

460 2359 679 2420 quosdam
707 2375 814 2408 cum
851 2359 1017 2404 eodem
1045 2358 1244 2404 circuitu
1278 2374 1443 2414 nexus5
1487 2373 1533 2405 et
1555 2359 1750 2423 propin-

460 2430 659 2494 quitates
684 2431 880 2477 habeant
901 2431 916 2477 ?
968 2429 1115 2494 Qod
1140 2430 1344 2477 virorum
1368 2431 1577 2481 similiter
1610 2444 1750 2493 atque

459 2503 767 2551 faeminarum
807 2505 895 2550 effe
921 2503 1148 2565 suspicor:
1187 2516 1304 2566 puto
1327 2503 1526 2551 enimin
1566 2503 1750 2551 easdem

457 2577 671 2640 proxime
696 2576 823 2637 leges
847 2577 1084 2640 utriusque
1122 2576 1251 2624 sexus
1288 2579 1437 2625 vitam
1478 2579 1661 2636 cadere,
1701 2590 1749 2624 et

457 2641 702 2698 :uenstruae
737 2650 1021 2696 alterationis
1062 2650 1260 2698 modum·
1275 2668 1434 2715 parem
1461 2665 1634 2710 extare,
1659 2650 1744 2699 nisx

697 2740 712 2768 1
1618 2725 1748 2789 quod
