1871 3211
492 275 581 339 ηε
719 271 835 320 DE
890 270 1074 320 viT.
1134 238 1517 318 PERIOD.

478 406 617 472 juxta,
649 405 800 453 varios
834 405 973 463 Solis,
1014 416 1061 451 et
1085 406 1235 451 Lunae
1269 402 1441 466 positus
1486 401 1764 449 incumben-

485 482 543 531 tis
590 479 907 542 atmosphaerae
966 479 1170 543 pondere
1217 477 1412 533 incitari,
1456 477 1764 539 eamdemque

481 566 727 619 propterea
766 553 812 599 in
855 553 992 600 maris
1017 552 1146 610 aestu,
1192 550 1382 597 elevatis
1407 563 1597 613 propter
1621 549 1762 606 Solis,

480 643 529 678 et
552 632 706 676 Lunae
732 628 979 687 affionem,
998 627 1144 690 aquis,
1170 626 1311 689 inque
1337 625 1649 671 mensualibus
1675 623 1766 670 Vi-

482 718 542 752 tae
566 702 785 767 periodis,
813 703 1012 749 cauffam
1037 714 1192 747 extare
1232 698 1425 746 censuit.
1497 701 1606 763 Qa
1642 697 1688 744 in
1717 713 1766 746 re

482 779 579 826 fere
595 778 934 826 Boerhaavium
953 776 1132 822 secutus
1153 776 1231 831 est,
1253 775 1334 838 qui
1363 783 1393 803 ‘⁶
1409 771 1647 835 gravitatis
1668 771 1766 819 vim

477 871 563 917 per
586 855 735 899 varios
762 852 957 897 siderum
999 850 1202 912 aspeRus
1243 849 1519 896 mutabilem
1544 849 1647 903 effe,
1692 847 1763 893 in-

480 929 631 991 deque
665 924 869 987 respefm
893 923 1081 969 variatae
1121 921 1425 976 attraffioniS,
1473 934 1519 966 et
1554 920 1760 984 repulsae,

479 999 754 1062 multiplicia
793 996 959 1044 mutari
987 996 1111 1058 posse
1137 995 1182 1041 in
1219 995 1323 1058 ipsis
1349 994 1654 1057 corporibus''
1679 1010 1761 1056 pe-

477 1073 620 1119 ritum
642 1070 877 1116 neminem
899 1069 1035 1114 facile
1060 1083 1225 1130 negare
1251 1066 1375 1128 poffe
1400 1065 1574 1128 scripsit
1592 1075 1626 1112 2.
1664 1065 1763 1112 Pu-

479 1146 592 1192 tavit
617 1144 742 1191 enim
768 1142 973 1189 sensibile
1015 1141 1131 1190 nihil
1174 1140 1218 1186 in
1261 1141 1365 1203 igne
1395 1140 1560 1196 nostro,
1603 1138 1761 1202 quoad

478 1222 698 1278 calorem,
725 1232 769 1265 et
795 1218 957 1280 frigus,
1007 1216 1242 1263 immutari
1269 1217 1327 1262 ab
1353 1215 1494 1271 astris,
1534 1215 1641 1261 Sole
1665 1229 1761 1260 uno

476 1308 702 1357 excepto:
741 1292 1120 1357 quandoquidem
1165 1291 1345 1352 integra
1390 1291 1541 1336 Lunae
1583 1290 1760 1352 imago,

476 1367 722 1432 plenilunii
748 1380 972 1428 tempore,
998 1364 1149 1412 serena
1182 1363 1360 1424 hyemis
1386 1365 1536 1420 nofte,
1572 1363 1759 1410 Villeti-

479 1459 570 1489 ano
608 1441 794 1504 speculo
832 1453 1041 1502 excepta,
1091 1439 1346 1502 expositam
1396 1438 1441 1483 in
1484 1438 1762 1492 lucidiffimo

477 1519 601 1573 foco,
654 1532 797 1579 quam
859 1531 999 1562 nemo
1050 1513 1166 1560 ferre
1212 1513 1373 1575 posset,
1411 1513 1761 1559 mobiliffimam

475 1589 793 1638 thermometri
817 1589 1011 1643 bullam,
1032 1588 1112 1633 vix
1133 1603 1183 1634 ac
1204 1602 1258 1632 ne
1279 1586 1357 1632 vix
1370 1586 1562 1648 quidem
1582 1597 1755 1632 mutat:

476 1680 620 1727 quare
644 1678 728 1708 nec
762 1661 1015 1707 minimum
1042 1660 1099 1706 ad
1143 1661 1365 1715 calorem,
1413 1671 1491 1704 aut
1521 1655 1664 1720 frigus
1711 1657 1758 1702 in

476 1737 770 1792 animalibus,
800 1738 952 1782 Lunae
975 1736 1135 1780 lumen
1163 1733 1372 1780 conferre
1397 1731 1688 1795 dijudicavit.

537 1905 583 1943 4.
627 1885 851 1931 Similiter
888 1899 1017 1937 vero,
1057 1895 1196 1944 atque
1220 1882 1553 1928 thermometro
1576 1878 1754 1941 judice,

475 1961 630 2007 nullus
650 1976 675 2005 a
695 1962 847 2010 Lunae
867 1958 1041 2006 lumine
1063 1958 1187 2002 calor
1212 1969 1385 2010 manat,
1421 1953 1608 2002 'nullum
1635 1971 1755 2018 quo-

476 2051 569 2098 que
593 2046 784 2081 mutatae
808 2033 853 2079 in
888 2047 989 2077 aere
1021 2031 1256 2093 preffionis
1279 2030 1514 2086 inditium,
1540 2030 1753 2076 barome-

473 2121 546 2154 tro
570 2107 797 2170 proditur.
869 2106 1073 2152 Immota
1092 2121 1293 2167 namque
1317 2118 1559 2166 perpetuo,
1599 2104 1752 2167 quoad

474 2186 625 2230 Lunae
649 2182 900 2236 aelionem,
943 2180 1181 2242 hidrargiri
1208 2181 1427 2226 columna
1455 2193 1630 2235 manet,
1659 2179 1751 2225 nil-

474 2273 565 2318 que
594 2256 789 2318 prorsus,
816 2254 940 2317 quod
967 2253 1012 2303 in
1041 2269 1157 2308 aere,
1175 2266 1363 2316 propter
1387 2255 1538 2299 Lunae
1558 2268 1752 2300 conver-

473 2332 634 2389 siones,
687 2332 889 2378 multum
939 2328 1096 2375 saltem
1153 2328 1373 2374 variabile
1420 2328 1490 2384 fit,
1537 2328 1749 2375 ostendit.

473 2405 616 2466 Qod
661 2406 841 2452 viderat
887 2414 992 2450 ante
1028 2402 1417 2450 Rammazzinius
1451 2403 1496 2449 in
1535 2403 1750 2468 populari

718 2606 734 2623 ²
767 2604 883 2641 Civem.
904 2606 1001 2642 Pars
1022 2604 1101 2641 Ale.
1126 2603 1166 2640 de
1181 2603 1266 2640 Art.
1290 2602 1411 2642 Theor.
1439 2601 1578 2643 Cor-ii.

1563 2668 1748 2727 morbo,
