1871 3211
497 290 583 349 148
751 286 865 335 DE
931 279 1568 331 VIT.PER10D.

559 434 631 476 14.
689 420 828 482 Qae,
879 416 995 479 quid
1035 414 1250 469 habeant,
1298 411 1428 475 cujus
1475 408 1686 464 divitem,
1733 407 1766 454 fi

489 490 593 555 quis
611 491 737 546 alter,
759 491 947 552 ingenio
964 489 1117 535 virum
1135 485 1454 549 reprehendaS,
1473 482 1605 529 facile
1620 480 1764 528 vides.

491 563 777 611 Morborum
800 578 1001 626 namque
1026 574 1236 623 tempora
1261 573 1354 604 non
1379 556 1541 602 diebus
1566 566 1766 608 tantum,

488 634 565 680 sed
589 635 708 681 horis
734 651 922 698 quoque
960 631 1352 684 circumscribere,
1392 641 1438 674 et
1471 627 1770 691 praenoscere,

488 722 633 754 raram
671 709 850 771 ubique
889 709 935 753 in
977 706 1106 754 terris
1132 720 1284 759 avem,
1320 702 1532 748 cordatus
1574 701 1619 746 in
1655 702 1773 746 Arte

489 778 695 841 quisquis
711 778 890 840 judicet
920 778 1096 822 necesse
1120 777 1202 834 est,
1224 790 1373 838 neque
1400 774 1525 836 siqua
1547 771 1770 834 ejusmodi

489 851 767 895 nobiliffima
792 850 921 895 Artis
949 849 1173 894 miracula
1197 861 1372 904 extant,
1411 863 1517 910 quae
1553 859 1677 892 certe
1701 844 1771 891 in-

489 922 676 979 tersunt,
713 935 845 985 puto,
872 922 951 984 qui
977 921 1036 967 fic
1064 920 1560 982 anteajudicaverunt,
1603 936 1663 967 ex
1687 935 1771 982 pe-

491 996 670 1041 riodico
696 1010 773 1042 aut
797 996 1016 1057 synodico
1040 997 1191 1042 Lunae
1216 994 1392 1040 circulo
1416 995 1620 1040 multum
1645 995 1701 1039 ad
1726 993 1773 1040 id

489 1067 747 1129 profeciffe.
817 1068 956 1115 Nulli
992 1065 1197 1130 profeAEto
1236 1067 1420 1114 stabiles
1457 1078 1502 1112 et
1539 1065 1650 1112 certi
1673 1066 1772 1113 dies

491 1141 711 1198 constant,
750 1143 922 1205 quibus
964 1142 1223 1188 indubitata
1247 1142 1521 1187 morborum
1559 1140 1773 1187 omnium

486 1212 665 1276 judicia
687 1216 902 1262 eveniant
927 1235 937 1262 :
978 1231 1178 1278 quorum
1204 1214 1533 1278 incompositus
1555 1213 1674 1276 saepe
1696 1229 1774 1259 or-

495 1287 574 1343 do,
591 1300 658 1334 tot
674 1301 890 1352 tantaque
908 1289 953 1335 in
974 1289 1169 1343 interno,
1194 1301 1477 1349 externoque
1496 1286 1686 1332 homine
1704 1302 1774 1332 re-

496 1358 646 1421 spicit,
683 1374 736 1407 ut
762 1362 968 1424 quisquis
995 1361 1040 1406 in
1077 1374 1205 1407 tanta
1230 1360 1485 1406 caussarum
1512 1360 1774 1406 communi-

495 1444 607 1488 tate,
628 1448 845 1495 magnam
861 1432 1030 1496 judicii
1056 1433 1122 1478 sui
1147 1446 1327 1496 partem
1348 1432 1393 1478 in
1417 1431 1554 1478 unius
1573 1432 1776 1494 singula·

483 1496 629 1552 'ritate
664 1506 942 1564 fundaverit,
982 1508 1226 1571 obliquam
1266 1506 1531 1553 inveniendi
1567 1506 1664 1552 veri
1707 1507 1774 1553 se-

497 1578 661 1625 mitam
678 1582 881 1637 incedat,
905 1581 1079 1627 necefl'e
1104 1580 1170 1626 sit.
1195 1579 1777 1642 QantumetenimLuna

495 1653 784 1713 tempestates
830 1655 1015 1709 efficiat,
1070 1653 1360 1715 tempestates
1391 1669 1518 1710 vero,
1561 1653 1774 1710 morbos,

491 1713 820 1774 Tii'l‘iiloffamen
845 1728 1011 1782 minus,
1040 1727 1084 1773 in
1109 1726 1395 1788 tempestate,
1423 1725 1468 1771 in
1490 1727 1674 1782 morbo,
1702 1726 1774 1772 in-

498 1816 591 1861 que
615 1800 818 1855 homine,
862 1801 1037 1846 nullam
1064 1817 1120 1846 ex
1145 1799 1240 1845 solo
1265 1799 1412 1845 lunari
1439 1799 1610 1846 circulo
1637 1800 1777 1847 stabi-

500 1872 596 1918 lem
617 1872 877 1918 mensuram
903 1873 1079 1919 sumere
1105 1871 1314 1935 poffibile
1339 1871 1417 1917 est.

573 2031 647 2078 ¹5·
686 2018 936 2080 Propterea
960 2034 1066 2064 cum
1093 2018 1210 2064 intra
1246 2017 1355 2064 recti
1381 2017 1508 2073 fines,
1534 2016 1778 2065 admiffum

497 2091 667 2153 partim
693 2093 738 2137 in
763 2093 980 2139 veritates
1005 2093 1178 2155 vulgus
1203 2093 1283 2139 vix
1323 2092 1518 2155 amplius
1554 2093 1778 2153 consistat,

503 2164 610 2211 inde
651 2167 951 2228 amplissimus
991 2165 1325 2213 fabulatoribus
1365 2167 1495 2212 locus
1517 2166 1682 2229 patuit,
1728 2175 1781 2213 ut

497 2236 742 2283 hominum
770 2239 916 2285 vitam
947 2255 1041 2284 non
1068 2239 1320 2285 intermissa
1355 2238 1646 2285 consensione
1670 2255 1780 2285 cum

467 2371 478 2376 δ
496 2309 648 2355 Lunae
673 2302 800 2357 cursu
826 2310 1156 2369 consociantes,
1192 2323 1439 2375 perpetuas
1471 2310 1550 2356 sibi
1582 2311 1627 2357 in
1651 2328 1778 2359 mor-

498 2380 567 2425 bis
593 2382 957 2442 phlebotomicas
983 2400 1007 2428 a
1043 2385 1217 2430 Lunari
1246 2385 1368 2430 ciclo
1394 2384 1572 2430 tabulas
1607 2385 1780 2432 conde-

499 2465 614 2507 rent,
653 2469 935 2519 cautumque
963 2457 1066 2518 lege
1091 2457 1216 2512 effet,
1257 2473 1313 2501 ne
1351 2457 1456 2519 quis
1479 2456 1605 2502 secus
1627 2457 1685 2503 ab
1725 2457 1778 2503 iis
1848 2472 1850 2484 s

498 2543 685 2582 venam,
728 2530 772 2574 in
799 2530 1183 2592 periculosissimis
1208 2530 1345 2576 etiam
1372 2530 1564 2584 morbiS,
1590 2530 1776 2576 secaret.

500 2600 677 2661 Qales
704 2603 931 2649 Swietenii
960 2604 1247 2659 auctoritate,
1291 2604 1597 2666 superioribus
1633 2603 1778 2658 annis,

502 2671 547 2716 {n
575 2672 826 2718 Germania
849 2675 1093 2736 abrogatas
1119 2675 1266 2732 fuisse,
1293 2678 1510 2739 legimus.

1521 2749 1594 2799 16.
1634 2751 1780 2814 Qod
