1871 3211
452 261 513 309 54
687 249 800 296 DE
859 251 1041 308 VIT-
1101 250 1486 301 PERIOD.

453 379 736 428 reaetionum
758 383 999 430 communi
1014 383 1223 439 vinculo,
1244 397 1322 430 aut
1340 400 1407 441 ea,
1424 400 1530 448 quae
1552 382 1740 430 univer-

454 451 616 499 saliora
639 467 685 500 et
713 455 890 518 majora
915 457 1033 514 sunt,
1072 469 1254 514 caetera,
1298 473 1405 520 quae
1430 458 1610 504 minora
1634 456 1739 504 sunt

456 525 694 588 disponere
740 543 785 575 et
830 532 1014 578 efficere
1034 554 1045 584 3
1091 546 1299 594 quorum
1342 517 1567 576 til—timum
1600 526 1761 591 juxta'

455 598 666 662 sapientis
691 603 960 665 opinionem
1002 605 1090 651 effe
1124 603 1695 667 plurimumjudicamus.

523 764 572 810 3.
610 749 884 812 Cujusmodi
931 752 1191 800 consimiles
1245 752 1291 799 in
1337 751 1482 799 brutis
1543 749 1746 797 rationes

458 834 631 877 extant,
673 841 874 887 quorum
917 841 1115 887 corpora
1155 841 1265 871 cum
1297 827 1439 872 Anno
1462 823 1626 871 variari
1664 822 1746 870 vix

457 893 655 942 dubium
682 896 774 942 est:
802 896 879 943 sua
899 898 1023 943 enim
1040 897 1401 961 quamplurimis
1418 897 1595 950 saltem,
1623 907 1745 943 tem-

458 981 571 1028 pora
596 969 778 1014 Natura
819 969 1040 1031 praefecit,
1073 986 1155 1032 per
1192 987 1297 1032 quae
1333 970 1378 1015 in
1406 970 1630 1030 copulam
1663 984 1744 1014 ex-

460 1038 762 1097 ardescerent,
800 1056 845 1088 et
898 1042 1224 1103 conciperent;
1263 1042 1411 1090 rursus
1451 1041 1542 1087 alia
1574 1039 1748 1102 quibus

458 1126 684 1172 parerent,
728 1112 960 1177 foetusque
998 1113 1099 1159 suos
1125 1113 1396 1169 enutrirent,
1437 1113 1528 1159 alia
1565 1111 1748 1169 itidem,

458 1184 628 1247 quibus
676 1187 924 1250 antiquum
966 1188 1095 1235 Vitae
1141 1204 1286 1250 genus
1333 1187 1427 1234 fere
1466 1203 1578 1235 cum
1626 1188 1749 1250 pelle

460 1249 539 1303 aut
587 1259 750 1321 pennis
791 1274 1031 1320 exuerent,
1072 1260 1316 1323 rursusque
1354 1274 1400 1307 et
1439 1262 1607 1307 iterum
1646 1260 1749 1308 nas-

461 1345 689 1379 cerentur.
776 1335 1086 1399 Qamquam
1144 1333 1189 1380 in
1241 1333 1522 1396 amplissimo
1573 1333 1632 1379 ad
1676 1334 1748 1381 di·

460 1405 665 1452 cendum
704 1406 830 1464 loco,
869 1408 1196 1468 exemplorum
1238 1405 1476 1454 nimietate
1519 1404 1750 1453 abstinen-

460 1479 576 1526 dum
595 1480 709 1527 mibi
736 1481 814 1537 est,
838 1485 1129 1545 potiffimum
1153 1498 1226 1537 ne,
1251 1497 1356 1545 quae
1375 1481 1619 1534 hominum
1645 1482 1750 1530 sunt

460 1554 833 1617 pertrae'taturus,
869 1555 1030 1602 alienis
1066 1555 1124 1602 ad
1163 1555 1210 1601 id
1252 1554 1498 1618 exemplis,
1542 1554 1749 1618 aliquam

464 1619 604 1666 etiam
625 1634 826 1685 partem,
849 1622 1092 1686 indiguisse
1115 1621 1293 1672 videar.

531 1791 580 1831 4.
624 1775 688 1822 Et
726 1793 774 1822 re
813 1777 1006 1840 quidem
1040 1793 1165 1833 vera,
1208 1773 1494 1840 propius'de
1534 1771 1749 1821 Homine

464 1846 649 1893 die‘turo
687 1849 867 1895 summa
915 1851 1030 1897 adeo
1069 1848 1168 1912 ejus
1220 1848 1404 1911 generis
1446 1845 1744 1908 periodorum

466 1921 695 1971 ‚consensio
710 1925 930 1980 occurrit,
947 1937 999 1971 ut
1018 1923 1259 1970 mutabilis
1278 1938 1388 1969 cum
1403 1919 1528 1968 Anni
1546 1918 1750 1983 tempes-

466 2008 576 2053 tate,
610 1996 827 2053 sanitatis,
861 1998 1232 2059 morborumque
1256 1993 1482 2049 conditio,
1520 1993 1743 2056 pleraque

470 2081 568 2115 tum
586 2071 640 2116 ad
658 2071 1058 2133 praenoscendum,
1078 2088 1186 2118 cum
1212 2069 1270 2116 ad
1290 2067 1561 2123 sanandum,
1583 2065 1747 2113 Medi-

468 2141 585 2189 cinae
599 2142 922 2201 fundamenta,
935 2145 1118 2191 dudum
1135 2143 1228 2191 sola
1251 2141 1514 2206 praebuerit.
1534 2142 1751 2189 Tantum

468 2217 642 2266 etenim
679 2218 825 2275 verni,
870 2231 916 2265 et
958 2216 1247 2265 autumnales
1281 2215 1496 2270 accessus,
1537 2212 1754 2260 recessus-

468 2305 559 2351 que
579 2291 760 2338 dierum
785 2292 997 2340 homines
1023 2303 1222 2345 mutant,
1242 2302 1295 2335 ut
1313 2288 1393 2334 vix
1413 2288 1555 2335 iidem
1579 2285 1750 2334 utrim-

469 2379 561 2426 que
585 2366 671 2410 effe
694 2366 952 2423 videantur,
992 2365 1082 2411 five
1118 2365 1381 2410 animorum
1419 2375 1463 2408 et
1496 2376 1750 2422 corporum

468 2437 768 2495 mutationes,
794 2456 900 2504 quae
925 2440 971 2486 in
997 2439 1185 2486 sanitate
1214 2454 1295 2500 per
1320 2453 1371 2483 ea
1409 2437 1525 2482 fiunt
1560 2448 1748 2496 tempo-

467 2529 533 2566 ra,
576 2509 854 2567 intueamur,
888 2512 978 2558 five
1005 2512 1061 2558 ad
1105 2528 1224 2558 nova
1265 2510 1537 2557 morborum
1578 2521 1749 2569 genera

467 2583 800 2648 dispositiones,
837 2602 948 2647 quas
973 2586 1019 2632 in
1056 2585 1148 2632 illis
1185 2598 1453 2648 temporum
1474 2580 1602 2628 Anni
1633 2594 1746 2626 con-

466 2662 696 2714 versiones
722 2660 989 2710 efformant„

1447 2746 1489 2795 5.
1529 2731 1746 2794 Qarum
