1871 3211
383 259 1084 308 SANORUM.
1322 263 1385 324 69

93 410 202 457 quae
226 406 348 442 certa
366 392 436 449 sit,
459 393 576 440 inter
596 392 817 441 Medicos
837 392 953 440 ratio
974 391 1166 438 constat.
1196 394 1383 455 Qiam-

90 469 249 515 obrem
287 467 512 515 similium
553 468 855 531 periodorum
904 464 1258 529 congruentiam
1301 468 1384 512 de-

91 557 199 597 nne,
227 542 351 604 quasi
373 542 653 598 excitavisse,
690 543 769 588 vix
789 542 1085 604 culpabimur
1106 557 1115 585 :
1155 553 1382 602 quantum

81 615 260 661 etenim
285 633 375 663 non
397 616 578 663 easdem
601 630 831 679 perpetuo
851 614 1170 679 aegritudineS,
1198 614 1381 662 rediens

86 701 353 753 temporum
380 690 631 738 concordia
656 691 833 747 afferat,
877 690 1076 738 exeritur
1115 703 1270 736 tamen
1298 705 1381 752 per

87 777 140 809 ea
164 775 390 826 tempora,
439 764 566 828 quasi
594 766 639 810 in
668 765 930 812 consimiles
955 763 1224 810 affeftiones
1259 762 1377 808 taciae-

86 847 159 882 tus
184 837 381 900 quidam
402 839 596 885 Naturae
614 839 816 902 impetus
837 857 847 886 :
877 854 1027 902 neque
1049 835 1378 899 repudiandam

86 911 283 958 Medico
320 912 735 978 considerationem
774 913 965 976 praebet.
1040 910 1265 957 Similiter
1309 924 1378 955 at-

84 1000 176 1050 que
200 986 490 1035 historiarum
523 988 672 1035 exae‘ti
714 987 937 1050 temporis
972 987 1112 1032 leftio
1149 1001 1377 1048 compen-

83 1057 208 1106 diosa
233 1059 466 1123 sapientiae
491 1061 564 1107 via
580 1060 846 1123 judicatur:
878 1059 1055 1106 tametsi
1079 1059 1251 1104 etenim
1284 1073 1377 1104 non

84 1132 269 1180 eosdem
288 1135 519 1198 perpetim
534 1135 840 1180 humanarum
859 1150 1016 1180 rerum
1037 1146 1247 1187 eventus,
1262 1147 1376 1177 con-

85 1206 308 1253 similium
341 1208 787 1254 circumstantiarnm
813 1208 988 1254 reditus
1014 1206 1222 1262 afferant,
1249 1204 1376 1268 quasi

84 1293 240 1339 tamen
278 1279 442 1326 afferre
481 1281 716 1337 videntur,
766 1281 1065 1342 multumque
1101 1295 1266 1326 eorum
1292 1277 1376 1323 sci-

85 1352 209 1400 entia
235 1352 290 1399 ad
316 1352 719 1416 praenoscendum‚
762 1366 807 1398 et
832 1366 992 1398 contra
1016 1352 1374 1408 occurrendum,

85 1426 118 1474 fi
144 1427 240 1476 fieri
265 1427 432 1490 potest,
472 1427 616 1474 valet.

155 1594 198 1642 7.
237 1567 489 1640 Profiterea
531 1575 712 1623 tametsi
754 1575 834 1621 vix
885 1573 1142 1620 excusanda
1184 1572 1374 1637 antiqua

86 1651 419 1698 Romanorum
460 1665 572 1712 gens
608 1650 695 1695 effe
722 1649 947 1704 videatur,
983 1664 1100 1711 quos
1129 1647 1372 1694 Horosco-

83 1741 252 1790 porum
276 1723 538 1788 imposturis
564 1725 600 1746 ¹⁰
624 1723 822 1779 deditos,
858 1737 903 1769 et
930 1721 1047 1785 saepe
1082 1721 1369 1784 disputantes

1281 1809 1374 1856 qkla

77 1958 140 1996 Du
154 1957 228 1995 Bos
248 1972 255 1994 :
288 1965 423 1997 contra
441 1967 538 2006 quos
559 1967 680 2005 nuper
694 1953 964 2005 elegantiffime
980 1952 1195 1990 Marcellus
1209 1950 1248 1989 in
1266 1947 1380 2001 Epist.

77 2011 118 2050 de
133 2012 213 2061 Ing.
234 2020 264 2046 et
282 2010 380 2046 Litt.
401 2008 586 2044 Italorum.

690 2128 830 2166 Namque
841 2127 906 2156 loco
918 2125 983 2165 jam

303 2177 446 2207 Emotam
463 2175 597 2212 Italiam,
623 2187 676 2207 nec
691 2177 750 2206 sole
767 2175 911 2206 calescere
927 2177 1035 2205 eodem

302 2226 432 2262 Dietitat
447 2225 588 2255 insanus:
617 2227 730 2255 mirum
745 2225 810 2254 nil:
839 2226 908 2255 inde
922 2225 1094 2264 Sophorum

302 2275 398 2316 Copia
414 2276 491 2316 quod
508 2276 593 2305 nobis
610 2277 693 2305 nulla
709 2275 770 2304 est:
803 2275 934 2303 Felicior
951 2273 1033 2302 astris

303 2323 419 2355 Omnia
432 2324 593 2354 succedens
604 2325 712 2354 habuit
726 2325 830 2364 plaga:
858 2324 994 2364 protinus
1010 2330 1098 2362 atque

302 2374 439 2405 Baeotum
455 2375 540 2404 nobis
554 2374 663 2404 crafi'us
679 2374 766 2414 super
780 2373 894 2412 ingruit
909 2383 971 2402 aer.

131 2489 165 2519 30
193 2481 355 2532 AEgiptii
386 2481 578 2533 Astrologi
608 2496 656 2519 ex
688 2481 882 2519 variorum
919 2480 1231 2529 Horoscoporum
1262 2477 1380 2515 colla-

76 2543 179 2581 tione
199 2541 306 2580 CCC
325 2551 361 2580 et
381 2541 516 2579 XLIV
535 2555 655 2578 annos
670 2540 943 2579 clima&ericos
970 2540 1014 2576 ad
1035 2552 1162 2576 omnes
1183 2538 1378 2589 genituras

77 2600 322 2639 invenerunt.
379 2600 689 2650 Horoseoporum
710 2599 864 2650 quidem
884 2597 1166 2636 condendorum
1191 2598 1379 2634 rationem

79 2660 183 2713 quod
201 2661 348 2709 attinet,
368 2673 411 2698 ea
427 2658 532 2699 varia
549 2670 628 2698 erat
641 2659 755 2709 juxta
770 2657 926 2703 Zodiaci
945 2656 1074 2709 Signa.
1114 2657 1189 2696 Ex.
1210 2671 1268 2710 gr.
1288 2669 1377 2694 cum

693 2718 721 2757 F
746 2733 764 2771 3
1301 2725 1377 2756 tres
