1871 3211
407 238 1102 346 CAUUSSI'S.
1309 300 1394 332 121

134 400 322 446 Omnum
348 397 693 461 perspiratione,
735 398 894 446 multis
921 397 1144 454 scribitur,
1186 415 1274 445 non
1313 403 1402 448 mi-

113 474 237 518 nima
261 472 637 518 observationum
675 473 998 519 contrarietate
1025 471 1194 533 premi.
1267 473 1404 521 Certe

111 546 271 610 paullo
309 546 489 608 plenior
527 546 711 594 somnus
741 548 887 593 cutim
929 546 1104 602 densat,
1149 559 1194 592 et
1235 562 1404 610 corpus

112 615 311 682 implet:
352 627 497 682 quam
523 621 584 666 ob
611 622 830 675 caussam,
875 619 956 683 qui
998 620 1200 665 multum
1226 620 1404 667 dormi·

109 703 209 748 unt,
253 691 298 737 in
326 692 599 739 obesitatem
628 693 911 756 postremum
939 706 1151 755 vergunt,
1178 706 1222 738 et
1241 692 1405 756 sesqui-

107 763 226 827 pede
249 765 477 828 propenso
500 767 783 830 aqualiculo,
831 767 959 829 quod
986 765 1266 812 festivissime
1293 768 1404 813 Per-

107 837 197 884 fius
222 838 414 895 dixerat,
450 854 669 895 tument3
725 842 753 888 ii
780 842 919 887 etiam
956 841 1147 886 artubus
1185 841 1320 900 tardi,
1359 855 1406 888 et

108 911 391 974 impotentes
426 913 542 977 saepe
582 915 716 961 fiunt.
789 916 1022 961 Praetcrea
1049 914 1145 960 sola
1181 915 1318 972 Solis,
1361 930 1408 962 et

109 984 226 1033 lucis
270 987 550 1047 privatione,
588 988 840 1051 pinguiora
888 1005 1083 1051 corpora
1130 988 1401 1045 redduntur,

110 1074 206 1122 quo
227 1061 603 1107 communiffimo
623 1062 820 1109 artificio
841 1063 1076 1117 animalia,
1093 1063 1319 1109 nonnulla
1338 1063 1406 1109 sa-

110 1131 356 1192 ginantur:
414 1148 575 1181 contra
612 1152 752 1199 quam
798 1136 910 1191 Soli,
962 1151 1007 1183 et
1056 1138 1150 1183 luci
1199 1137 1407 1199 exposita

110 1215 377 1253 tenuantur.
451 1208 688 1255 Caeterum
709 1208 1004 1255 observatum
1030 1209 1091 1254 est
1113 1209 1271 1265 etiam,
1299 1226 1407 1272 pro·
1471 1240 1478 1245 -

108 1280 324 1327 traetiore
340 1282 516 1339 somn0,
538 1299 727 1346 corpora
752 1285 1014 1331 extenuari:
1040 1285 1167 1347 quod
1195 1283 1355 1332 Celsus
1374 1288 1406 1310 ¹⁹

110 1345 306 1395 dixerat.

180 1497 278 1556 37?
300 1495 570 1543 Consimilis
596 1494 654 1542 de
695 1496 1028 1552 somniculosis,
1072 1497 1202 1561 quod
1230 1499 1409 1561 capito-

113 1584 191 1615 nes
230 1569 358 1626 fiant,
397 1570 659 1617 observatio
700 1586 857 1618 extat:
898 1586 947 1617 ut
995 1589 1020 1618 a
1062 1573 1225 1619 somno
1269 1588 1411 1636 caput

112 1644 336 1708 compati,
379 1645 727 1709 comprimique
754 1648 1017 1704 cerebrum,
1045 1664 1302 1711 veramque
1326 1665 1408 1693 ex-

111 1719 219 1767 inde
239 1720 400 1768 mortis
419 1720 673 1783 imaginem
690 1722 905 1768 somnum
921 1723 1027 1778 effe,
1050 1739 1142 1768 non
1165 1739 1303 1769 nemo
1324 1723 1410 1770 rite

111 1794 299 1842 dixerit.
369 1793 645 1858 Cujusmodi
666 1795 897 1842 malorum
924 1796 1131 1842 cohibita
1151 1796 1232 1842 sub
1256 1797 1411 1859 primo

112 1866 262 1913 somni
288 1881 498 1930 tempore
523 1868 813 1931 perspiratio,
858 1883 904 1915 et
926 1870 1238 1932 perspirabilis
1260 1884 1410 1916 mate-

113 1939 195 1986 riei
220 1941 463 1986 cerebrum
480 1940 632 1988 versus
660 1941 823 1997 fluxio,
853 1943 1013 1988 multis
1041 1943 1289 2000 incusatur,
1329 1961 1410 1990 ne·
1433 1943 1437 1951 '

114 2028 207 2076 que
227 2013 503 2067 admodum,
531 2027 760 2076 quantum
781 2015 1010 2071 existimo,
1056 2015 1233 2079 injuria.
1273 2017 1412 2065 Certe

115 2086 278 2142 subita,
312 2097 357 2131 et
383 2084 577 2130 laethalis
599 2087 863 2150 apoplexia,
891 2105 915 2133 a
938 2087 1185 2151 suppressa,
1222 2104 1414 2152 propter

119 2163 285 2226 ingens
327 2158 492 2222 friguS,
547 2161 891 2223 perspiratione‚
950 2180 1040 2209 non
1088 2180 1191 2211 raro
1237 2165 1415 2213 constat

118 2236 369 2300 exemplo:
419 2234 735 2298 propiusque»
763 2239 1094 2300 compreffum,
1154 2256 1266 2286 mox
1306 2253 1414 2287 ante

117 2313 350 2367 somnum,
390 2302 652 2367 cerebrum,
686 2312 761 2358 seu
793 2314 950 2374 potius
994 2314 1301 2362 cerebralium
1327 2332 1412 2362 va-

116 2386 287 2441 sorum,
316 2397 362 2431 et
392 2383 573 2430 sinuum
605 2385 979 2448 turgescentiam,
1022 2387 1249 2435 monstrat
1277 2389 1412 2436 invo-

116 2459 316 2512 luntaria
357 2457 690 2522 palpebrarum
729 2461 899 2523 per-id
940 2474 1127 2525 tempus
1165 2462 1412 2526 depressio,

453 2667 486 2713 {⁵
515 2665 577 2703 De
594 2666 695 2705 Mhd.
714 2666 800 2721 Lib.
822 2666 854 2705 I.
881 2677 958 2721 cap.
973 2666 1028 2706 iii.

1232 2734 1412 2798 ponde-
