1871 3211
421 307 455 360 8,·
648 297 1007 350 DEVIT.
1063 298 1449 348 PERI'OD.

417 444 499 482 aut
534 430 703 491 noetis
724 433 981 490 intervallo,
1022 433 1164 480 uberti.
1201 432 1456 479 admovere¹
1493 429 1697 478 nutrices

419 507 767 564 consueverunt,
814 498 846 554 'ii
880 505 1076 572 jamque
1120 506 1250 553 statis
1286 505 1515 567 evigilant
1554 505 1698 563 horis,

418 594 615 645 tumque
631 581 998 646 ingemiscentes,
1018 581 1177 630 matris
1195 579 1471 629 charitatem
1496 579 1699 628 emmol·

416 653 501 701 lire
524 655 720 705 student.
1678 671 1680 674 ·

484 802 531 848 6.
560 802 652 848 Sed
677 819 833 869 neque
857 803 1232 869 praetereundum
1252 800 1316 848 est
1334 799 1450 864 saepe
1475 814 1559 846 nos
1585 812 1701 845 con-

416 882 486 917 tra
520 874 900 924 consuetudinem
938 876 1134 931 statutis,
1183 889 1297 938 quas
1335 887 1442 919 ante
1481 872 1700 923 somnum

414 945 792 1007 concupivimus,
832 949 959 996 horis
1007 946 1241 1009 evigilare,
1293 958 1339 992 et
1383 958 1552 1008 praeter
1591 943 1698 990 mo-

412 1030 512 1063 rem
552 1020 689 1067 valde
725 1023 938 1068 diluculo
977 1021 1285 1083 consurgere:
1326 1018 1455 1074 Vidi,
1491 1018 1572 1081 qui
1612 1032 1699 1064 neo

411 1090 688 1149 quadrante,
727 1110 869 1158 quam
894 1095 1085 1149 vellent,
1112 1092 1583 1154 praeter-graderentur
1611 1091 1698 1137 ho-

412 1175 528 1216 ram,
545 1162 619 1208 sed
641 1166 697 1209 ad
717 1167 880 1211 datum
897 1179 1136 1227 campanae
1155 1164 1376 1217 sonitum,
1396 1163 1575 1208 tarrietsl
1593 1178 1699 1209 eam

410 1233 688 1281 dormiendo
712 1238 874 1284 horam
900 1238 1082 1299 exigere
1104 1236 1318 1291 solerent,
1351 1235 1695 1298 consurgerent.

410 1307 550 1352 Anne
584 1324 696 1370 ergo
733 1309 849 1354 inter
874 1308 1219 1364 dormiendum,
1247 1320 1432 1370 ternpus
1452 1308 1698 1356 succeffiva

410 1379 612 1439 quadam
660 1381 943 1428 volitionum
988 1380 1116 1438 serie,
1163 1393 1390 1443 perpetuo
1433 1396 1516 1443 per
1553 1397 1694 1429 omne

388 1442 557 1499 ‘somni
582 1454 879 1501 intervallum
900 1456 1196 1518 perdurante,
1234 1454 1456 1501 metimur
1478 1456 1494 1501 ?
1543 1456 1692 1503 Adest

411 1538 531 1571 certe
576 1526 621 1573 in
668 1527 801 1573 nobis
837 1528 1040 1580 internus
1084 1528 1277 1591 quidam
1303 1528 1471 1586 taetus,
1513 1527 1692 1584 sextum

407 1599 591 1662 proprie
617 1599 878 1657 sensoriurn,
921 1602 1049 1665 quod
1085 1602 1219 1664 supra
1252 1601 1424 1663 vulgus
1460 1601 1691 1662 homines,

408 1672 455 1719 in
501 1671 700 1735 sapiente
740 1674 977 1721 abundare
1023 1675 1151 1730 solet,
1196 1672 1326 1736 cujus
1359 1675 1502 1721 ductu
1544 1677 1694 1725 multa

406 1759 633 1808 perpetuo
656 1747 945 1811 exequimur,
981 1750 1107 1796 nulla
1130 1761 1362 1812 quantum
1386 1749 1580 1812 quidem
1605 1767 1690 1798 no-

409 1818 478 1867 bis
502 1822 699 1878 videtur,
738 1835 864 1868 extra
888 1839 970 1869 nos
1004 1823 1198 1870 sensibili
1223 1839 1383 1870 eorum
1408 1824 1585 1871 ratione
1607 1841 1689 1872 ex-

411 1905 554 1942 tante,
622 1894 736 1957 Ejus
779 1896 917 1945 etiam
944 1897 1207 1944 interventu
1241 1895 1395 1944 futura
1429 1898 1688 1961 aliquando

404 1966 700 2016 divinamus:
739 1985 835 2032 qua
881 1971 1059 2017 ratione
1104 1971 1279 2034 proprii
1319 1971 1530 2018 interitus
1567 1986 1691 2035 prae-

403 2039 652 2087 sensionem
672 2043 842 2088 multos
867 2043 1070 2090 habuisse
1090 2058 1270 2090 certum
1286 2044 1365 2101 est,
1390 2057 1443 2091 ut
1464 2045 1494 2091 ii
1521 2047 1687 2109 paullo

400 2113 497 2176 post
522 2115 687 2162 morbo
711 2115 918 2173 finiendi,
952 2117 1035 2163 sub
1075 2117 1171 2180 ipso
1204 2118 1356 2165 morbi
1382 2119 1563 2176 limine,
1605 2121 1683 2167 vel

402 2199 508 2237 ante
545 2189 700 2243 etiam,
747 2190 934 2251 quando
972 2190 1183 2236 sanorum
1209 2204 1337 2237 erant
1370 2192 1554 2249 similes,
1591 2211 1684 2244 non

404 2261 646 2309 interitum
671 2264 915 2311 dumtaxat
940 2263 1072 2316 suum
1097 2264 1479 2325 vaticinarentur‚
1506 2267 1582 2314 sed
1611 2269 1682 2320 in·

401 2334 576 2388 teritus,
616 2334 759 2398 usque
783 2334 907 2380 diem
932 2348 977 2380 et
1001 2336 1180 2391 horam,
1207 2337 1536 2386 accuratiffime
1560 2357 1680 2403 prae·

399 2406 702 2462 nunciarent:
741 2409 870 2469 quod
895 2407 1014 2457 vidit
1048 2409 1457 2461 Zimrnermannus
1478 2416 1510 2461 ³.

594 2597 612 2643 ,³
642 2595 717 2644 Art
735 2595 897 2646 dffaz‘rcs
910 2597 956 2644 les
972 2597 1111 2650 Exper.
1141 2604 1232 2639 tom.
1253 2597 1308 2647 Π.
1336 2611 1374 2650 p.
1400 2599 1487 2652 138,

1518 2733 1564 2787 7.
1608 2718 1676 2764 At
