1871 3211
489 247 580 293 108
716 244 835 293 DE
886 227 1520 294 VI'T.PER10D.

477 392 586 423 nem
610 376 850 433 incitante,
900 376 946 424 in
971 377 1175 440 plurima
1210 380 1387 427 circum
1418 379 1630 444 undique
1655 397 1773 429 ven·

476 463 631 497 torum
689 451 918 506 libertate,
978 467 1151 513 magna
1196 451 1379 516 frigoris
1424 454 1493 500 vis
1551 455 1770 512 exoritur,

475 526 654 573 tametsi
692 526 828 573 altius
865 525 1186 572 thermometri
1234 527 1392 591 liquor
1438 527 1771 585 conscenderit,

474 589 607 654 cujus
634 593 680 639 in
703 593 869 639 ditiore
883 608 1044 639 eorum
1069 594 1283 640 locorum
1313 594 1613 641 electricitate
1640 595 1770 642 caus-

474 664 571 712 sam
613 665 798 713 fundari
836 667 1223 730 multijudicant.
1295 667 1593 715 Matutinum
1628 685 1771 732 prop-

474 751 599 786 terea
624 753 825 803 tempus,
862 758 944 805 per
969 741 1173 788 hiemem
1207 741 1438 789 summam
1458 741 1644 805 frigoris
1670 743 1770 789 vim

475 810 593 876 saepe
612 813 913 876 conjunCtam
937 815 1097 861 habet.

547 976 620 1008 12.
663 961 756 1007 Sed
782 977 891 1008 cum
912 962 1043 1007 aneta
1059 962 1290 1008 matutino
1316 976 1528 1026 tempore
1547 964 1770 1027 perspira-

473 1033 618 1089 tione‚
658 1034 891 1097 absorptio
916 1035 1126 1081 similiter
1151 1036 1420 1092 intenditur,
1447 1051 1635 1099 propter
1658 1054 1769 1083 auc-

475 1119 573 1153 tarn
632 1108 881 1154 universim
917 1108 1329 1170 Limphaticorum
1385 1110 1766 1158 irritabilitatem.

473 1183 635 1244 Qare
660 1182 719 1227 de
756 1182 1086 1245 ponderosiore
1129 1182 1397 1246 aliquando,
1423 1183 1605 1231 summo
1631 1202 1769 1232 mane

473 1255 721 1302 hominum
787 1273 996 1320 corpore,
1054 1257 1276 1319 praeclara
1335 1272 1495 1305 extant
1557 1259 1768 1307 testimo-

473 1330 566 1386 nia,
603 1330 867 1393 exindeque
914 1330 1229 1393 antiquiffima
1276 1332 1321 1378 in
1360 1333 1610 1379 Medicina
1649 1349 1765 1380 con-

473 1403 668 1450 suetudo
720 1402 916 1450 fortaffis
958 1405 1180 1461 constitit,
1235 1419 1287 1452 ut
1327 1407 1577 1454 herbarum
1624 1402 1765 1465 sucei,

475 1490 754 1541 caeteraque,
804 1478 872 1524 uti
914 1479 1233 1536 nominantur,
1297 1480 1568 1543 sanguinem
1614 1482 1766 1545 depu-

472 1552 622 1599 rantia
646 1552 854 1608 decoffa,
894 1553 1030 1599 valde
1066 1553 1280 1601 diluculo
1317 1556 1652 1618 aegrotantibus
1677 1556 1763 1604 da-

472 1640 646 1682 rentur,
695 1627 823 1689 quod
863 1628 1057 1674 celerius
1098 1644 1181 1690 per
1214 1629 1260 1673 id
1297 1641 1482 1691 tempus
1506 1629 1552 1675 in
1577 1630 1763 1692 sangui·

473 1716 583 1746 nem
607 1701 810 1756 transire,
848 1699 1042 1764 plusque
1062 1702 1271 1763 prodeffe
1287 1700 1528 1749 observata
1557 1702 1761 1753 fuiffent.

476 1775 660 1821 Scimus
701 1775 840 1821 etiam
875 1775 1170 1822 mercuriales
1211 1775 1502 1823 inunctiones
1527 1793 1664 1824 mane
1689 1778 1764 1824 in-

470 1849 667 1905 stitutas,
709 1851 966 1896 multorum
993 1851 1119 1897 luem
1156 1850 1389 1905 sanavisse,
1437 1867 1554 1914 quos
1578 1851 1763 1915 vesper-

470 1923 582 1969 tinae
605 1937 684 1969 aut
703 1923 969 1970 noeturnae⁸
994 1924 1073 1969 vix
1099 1925 1276 1987 aliquid
1305 1924 1594 1987 adjuverant.
1655 1928 1760 1973 An·-
1791 1932 1796 1940 ⁴

472 2014 566 2045 non
593 2012 704 2060 ergo
728 1998 787 2043 ab
814 1997 948 2043 aufta
969 1997 1262 2061 absorptione
1281 1998 1569 2045 Humorales
1592 2000 1759 2047 Morbi

471 2072 624 2128 multi,
666 2072 905 2126 Arthritis,
951 2075 1045 2120 ἃς.
1092 2075 1379 2120 matutinum
1418 2075 1536 2136 saepe
1572 2088 1761 2138 tempus

471 2143 700 2201 infestant,
750 2145 958 2191 similiter
998 2160 1139 2208 atque
1165 2146 1492 2208 vespertinum,
1549 2147 1760 2211 opposita

469 2217 687 2280 quamvis
709 2217 915 2268 ratione:
954 2221 1079 2282 quod
1106 2219 1223 2266 infra
1247 2219 1501 2266 dicendum
1521 2219 1602 2268 est.

542 2383 598 2428 13
635 2369 702 2414 At
723 2383 833 2415 vero
858 2367 1091 2413 exoriente
1113 2367 1220 2414 Sole
1245 2368 1429 2415 lucidus
1456 2367 1652 2433 jamque
1679 2385 1754 2416 aer

471 2456 617 2488 novas
639 2441 960 2488 exstimulandi
986 2443 1104 2488 vires
1138 2442 1350 2504 acquirit,
1385 2457 1431 2488 et
1469 2443 1561 2490 sive
1597 2443 1753 2508 ignea,

751 2634 764 2656 ⁸
792 2639 1047 2689 Cruikssiank,
1077 2633 1465 2698 Rem.ontheAbfirp.

1608 2725 1753 2773 quarn

1848 667 1871 762 τε,
