1871 3211
429 327 459 379 6
675 325 786 374 DE
841 324 1474 375 VIT.PERIOD.

431 459 570 511 semel
618 458 729 507 hora
774 458 1027 523 expergisci
1074 470 1337 524 coeperunt,
1392 456 1588 522 jamque
1626 471 1708 512 eos,

430 534 609 596 vigilia,
635 533 837 598 lectique
860 532 1150 597 impatientia
1177 544 1320 579 tenet.
1377 531 1511 586 Sunt,
1544 530 1624 594 qui
1651 528 1711 582 ad

431 606 599 652 statum
624 607 865 653 matutinae
887 605 1004 654 lucis
1031 618 1216 669 tempus
1239 602 1588 649 constantiffimi
1610 601 1711 648 evi—

429 681 594 742 gilent,
636 681 823 745 aliique,
851 680 1022 744 quibus
1048 694 1171 726 certa
1193 677 1337 726 somni
1362 676 1570 723 mensura
1583 675 1711 737 vigi-

431 753 545 800 liam
577 753 689 800 stato
729 753 829 817 post
868 752 1034 800 inferat
1073 753 1290 799 horarum
1336 737 1613 797 intervallo:
1660 760 1713 793 ut

432 842 540 874 cum
593 826 728 875 serius
761 825 1017 872 dormitum
1055 825 1239 881 iverint,
1277 824 1381 888 plus
1427 823 1524 870 sero
1571 820 1713 874 etiam

431 898 592 962 somno
617 899 914 961 consurgant.

498 1060 542 1104 3.
578 1044 802 1104 Judicant
845 1056 998 1101 tamen
1039 1043 1192 1102 multi,
1237 1042 1415 1091 nullam
1463 1038 1714 1085 consuetu-

431 1116 550 1177 dinis
574 1116 673 1162 vim
704 1118 859 1163 somno
883 1116 1036 1163 inferri
1060 1117 1205 1179 posse,
1255 1130 1422 1176 nempe
1463 1112 1593 1176 quod
1633 1127 1714 1164 ex·-

432 1189 574 1235 citans
611 1207 636 1234 a
660 1190 821 1235 somno
847 1191 1015 1244 caussa,
1065 1188 1247 1250 aliquid
1275 1179 1532 1233 constanter
1555 1197 1715 1250 ponat2

432 1262 564 1324 quod
589 1261 761 1308 stimuli
787 1261 893 1315 loco
912 1259 1149 1320 fungatur.
1216 1260 1434 1321 Eamque
1454 1257 1592 1304 aliam
1610 1257 1717 1321 qui-

431 1336 542 1398 dem
579 1335 625 1380 in
668 1335 755 1398 his».
798 1351 903 1398 quae
944 1332 1194 1391 dormienti
1222 1332 1552 1396 circumposita
1593 1329 1715 1391 sunt,

434 1408 733 1469 confiderant‚
780 1407 1018 1472 rursusque
1053 1407 1243 1454 alteram
1289 1407 1332 1453 in
1359 1405 1453 1469 ipso
1477 1393 1716 1452 dormien-⁸

433 1481 492 1526 tis
539 1497 746 1544 corpore.
825 1481 1032 1528 Primam
1081 1479 1224 1527 efficit
1269 1480 1490 1526 diurnum
1537 1479 1714 1535 lumen,

434 1570 800 1620 caeterorumque
842 1558 1088 1603 hominum
1126 1570 1171 1602 et
1230 1555 1503 1602 animalium
1554 1570 1749 1620 operas‘

434 1633 532 1678 suas
574 1633 884 1679 exercentium
932 1631 1104 1679 sonitus
1152 1643 1198 1686 et
1242 1630 1471 1693 strepitus,
1517 1628 1631 1675 item
1673 1643 1719 1675 et

434 1706 670 1769 quidquid
696 1706 854 1753 durius
872 1706 988 1752 cutis
1008 1721 1171 1751 nervos
1189 1704 1381 1760 lacessit,
1405 1703 1548 1750 veluti
1573 1703 1718 1749 decu-

435 1779 559 1825 bitus
585 1780 630 1825 in
655 1778 806 1835 dorso,
849 1791 929 1823 aut
961 1778 1095 1840 super
1137 1777 1356 1822 alterutro
1400 1776 1616 1830 laterum,
1663 1793 1718 1822 ut

435 1851 619 1899 dorsum
639 1853 802 1906 etiam,v
821 1852 895 1897 vel
915 1867 1021 1914 quae
1046 1850 1213 1914 sujecta
1236 1848 1371 1896 fuerit
1396 1849 1595 1895 laterum
1613 1865 1718 1912 pars

435 1925 667 1987 insigniter
690 1942 715 1971 a
739 1926 898 1972 somno
918 1925 1146 1982 rubescat,
1173 1937 1216 1970 et
1237 1914 1535 1987 protra&iore
1562 1924 1717 1970 morbi

435 1998 657 2063 decubitu
678 1997 1004 2045 inflammetur.
1033 2000 1156 2047 Cum
1181 2015 1291 2045 vero
1312 1998 1569 2044 multorum
1588 2012 1718 2059 pror-

440 2074 510 2121 sus
551 2072 620 2127 fit,
678 2086 729 2119 ut
776 2073 1058 2118 antelucanis
1111 2072 1234 2118 horis
1272 2073 1376 2135 post
1417 2071 1526 2117 data
1571 2070 1721 2120 somni

437 2161 647 2211 tempora
693 2145 931 2212 evigilent,
972 2145 1240 2207 nullamque
1281 2156 1522 2206 propterea
1554 2158 1579 2187 a
1614 2142 1719 2188 luce

438 2219 734 2265 irritationem
758 2218 1011 2281 patiantur,
1046 2218 1214 2280 aliique
1264 2216 1445 2279 insuper
1490 2215 1712 2281 quietisti-

437 2309 516 2339 mo
549 2294 655 2338 loco
678 2292 916 2354 degentes,
950 2291 1096 2337 sonitu
1130 2291 1277 2345 nullo,
1322 2289 1555 2352 nullisque
1597 2289 1719 2335 circa.

440 2367 558 2430 ¹ipsos
584 2368 798 2413 emmissis
822 2366 1038 2420 vocibus,
1074 2381 1167 2412 non
1210 2365 1318 2412 ideo
1357 2378 1510 2411 tamen
1544 2364 1602 2410 ab
1636 2364 1717 2410 ad-

440 2441 564 2487 sueta
590 2439 843 2502 evigilandi
870 2440 981 2487 hora
1014 2439 1262 2485 recedant:
1308 2437 1561 2503 rursusque,
1605 2454 1718 2485 curn

440 2515 773 2577 compaftiores
815 2529 919 2561 cute
956 2515 1168 2563 homines
1201 2529 1350 2576 neque
1392 2514 1538 2560 hilum
1573 2529 1718 2576 prop-

438 2604 507 2640 ter
549 2588 824 2650 decubitum
867 2589 1112 2651 patiantur,
1173 2588 1321 2651 liquet
1367 2587 1566 2634 internas
1604 2586 1716 2632 alias

437 2663 1063 2730 ejusmodiconsuetudinum
1095 2663 1266 2710 cauffas
1299 2662 1460 2727 praesto
1484 2664 1587 2718 effe,
1626 2652 1740 2721 staff

437 2752 506 2811 tas
546 2737 764 2809 wgidelicet
811 2737 1092 2806 internorum
1134 2736 1362 2807 viscerum
1406 2735 1719 2783 modificatio-

1620 2823 1716 2864 nessa
