1871 3211
457 245 550 278 110
682 228 794 276 DE
841 229 1023 276 VIT.
1086 228 1473 277 PERIOD.

522 377 597 418 14.
634 362 728 407 Vix
751 360 891 424 igitur
914 361 1105 416 mirum,
1129 361 1161 408 si
1186 361 1419 408 concitata
1441 360 1521 408 sub
1551 360 1596 407 id
1618 373 1739 408 tem-

454 451 540 498 pus
565 435 816 482 solidorum
837 436 901 491 vi,
932 435 1216 499 stimuloque
1237 437 1281 482 in
1301 435 1558 483 universam
1577 435 1738 486 Vitam

453 509 743 571 penetrabili,
784 509 938 555 morbi
965 509 1167 555 similiter
1185 507 1277 555 fere
1303 509 1472 565 cuncti,
1500 509 1544 554 in
1569 509 1742 571 quibus

455 581 681 642 exquisita
705 583 833 629 Vitae
857 582 992 637 actio,
1035 596 1114 627 aut
1147 580 1338 635 alicubi,
1377 595 1455 626 aut
1489 581 1743 628 universim

453 656 698 717 praevastr,
749 655 1100 702 inflammatorii
1164 654 1382 700 videlicet
1440 654 1627 717 proprie
1679 653 1742 699 fic

458 727 590 784 dieti,
633 731 912 792 plerumque
947 727 1004 774 ad
1045 728 1164 774 lucis
1208 741 1421 774 exortum
1465 727 1744 774 acceleratas

459 815 686 863 perpetuo
712 800 1089 864 paroxismorum
1116 802 1390 847 acceffiones
1415 801 1660 862 patiantur,
1699 812 1748 846 et

454 876 660 920 maxima
682 874 1011 936 aegrotantium
1036 890 1160 936 pars,
1193 889 1309 936 quos
1351 887 1513 920 acutus
1555 873 1741 920 inflam—

454 945 671 993 mationis
709 948 934 993 terminus
971 946 1181 1009 jugulat,
1224 945 1461 992 matutino
1506 945 1743 1009 saepiffime

454 1036 666 1083 tempore
692 1021 902 1068 intereat.

523 1178 598 1226 15.
636 1165 853 1227 Qiorum
892 1162 1141 1211 confimilis
1177 1161 1478 1225 saepeeorum
1516 1163 1744 1212 Periodus

455 1238 532 1295 est,
577 1239 659 1302 qui
705 1239 1012 1297 tabescentes,
1071 1251 1118 1285 et
1164 1237 1384 1285 diuturna
1428 1239 1744 1286 invaletudine

454 1309 604 1367 fracti,
632 1311 688 1357 ad
710 1325 896 1358 externa
916 1326 1116 1374 quaeque
1143 1311 1483 1373 promptiffimo
1507 1312 1745 1359 abundant

454 1384 582 1432 sensu
604 1407 616 1438 3
664 1385 792 1447 quod
818 1384 950 1447 supra
975 1384 1206 1432 diximus:
1250 1384 1341 1431 istis
1365 1401 1566 1449 namque
1591 1386 1742 1433 exori-

453 1475 537 1504 ens
556 1458 656 1505 solis
678 1460 779 1514 lux,
799 1461 1104 1505 accessionum
1124 1471 1334 1521 tempora
1360 1460 1554 1506 celerius
1574 1449 1768 1509 movet.¹

453 1533 636 1583 Exinde
661 1533 1046 1589 Purulentorum,
1076 1532 1394 1592 Tabidorum,
1420 1529 1743 1582 Asthmaticoss-

453 1622 578 1662 rum,
592 1601 987 1669 Hidropicorum,
1006 1605 1339 1670 quodjamque
1354 1607 1574 1664 diximus,
1585 1623 1743 1654 matu-

453 1682 546 1728 tina
560 1694 770 1745 tempora
783 1683 898 1744 saepe
909 1683 1047 1729 mala.
1072 1682 1358 1744 Exemplum
1372 1682 1513 1728 etiam
1530 1683 1742 1746 aliquan-

455 1755 517 1801 do
543 1756 683 1803 habui
711 1757 756 1802 in
790 1770 1013 1819 quartana
1037 1755 1165 1803 febre
1191 1757 1507 1803 laborantibus
1531 1774 1541 1802 z
1580 1773 1658 1803 eos
1683 1759 1743 1805 [1--

454 1829 649 1888 quidem
668 1830 830 1890 primae
855 1829 1055 1875 febrium
1091 1831 1363 1875 acceffiones
1390 1829 1574 1891 vespere
1595 1829 1742 1876 corti-2

456 1906 649 1965 piebant
670 1924 680 1950 ι
719 1904 958 1967 postremis
998 1921 1110 1950 vero
1134 1904 1445 1966 temporibus,
1492 1904 1744 1968 postquam

455 1995 532 2024 eos
557 1978 726 2040 pluries
757 1978 953 2024 morbus
970 1977 1245 2032 deseruisset,
1268 1990 1314 2023 et
1338 1977 1490 2024 denuo
1514 1977 1742 2024 recrudu-

458 2053 573 2107 iffet‚
629 2052 821 2098 tandem
869 2050 1155 2097 tenaciffima
1200 2049 1356 2097 morbi
1400 2049 1572 2096 saevitie
1611 2063 1740 2097 exte-

455 2125 601 2184 mati,
628 2125 860 2172 matutino
877 2138 1085 2188 tempore
1119 2126 1396 2171 accessiones
1421 2123 1741 2187 patiebantur.

527 2275 599 2319 16.
647 2272 808 2335 Hujus
837 2271 1041 2320 [imiliter
1070 2271 1164 2318 loci
1201 2270 1279 2327 est,
1309 2287 1454 2334 quam
1477 2287 1571 2317 non
1597 2270 1737 2319 semel

455 2343 695 2388 velificavi
730 2343 1006 2400 observatio,
1056 2344 1368 2390 carcinomata
1413 2343 1652 2398 videlicet,
1693 2357 1740 2391 et

455 2430 664 2471 cancros,
691 2432 735 2463 et
759 2418 878 2465 mala
903 2417 1073 2472 ulcera,
1087 2417 1213 2464 claro
1230 2417 1458 2482 perstante
1479 2417 1572 2473 die,
1594 2432 1649 2463 eo
1670 2416 1739 2463 in-

457 2488 625 2534 tensius
668 2490 829 2538 rubere
867 2503 914 2537 et
959 2491 1228 2554 exasperari,
1289 2503 1334 2537 et
1386 2489 1745 2552 sanguinolenta.

453 2561 584 2627 fieri:
620 2578 778 2611 contra
801 2580 943 2626 quam
967 2581 1037 2623 ea,
1064 2581 1168 2628 quae
1192 2565 1388 2615 mitioris
1421 2578 1595 2614 naturae
1617 2556 1754 2620 sunt,‘

1649 2651 1736 2687 nec
