1871 3211
388 275 1083 328 CAUSSIS.
1293 292 1384 342 139

94 425 281 481 morbo,
299 420 537 470 isochrono
554 428 794 482 pergente,
815 430 924 463 cum
948 415 1102 461 Lunae
1121 413 1288 462 fasibus
1310 413 1381 458 in-

101 509 352 547 cremento.

162 660 209 706 5.
247 643 344 690 Eos
370 655 543 697 tamen,
570 642 649 704 qui
670 641 927 687 immotum
945 652 1192 703 propterea
1216 652 1385 693 aerem,

94 731 246 778 neque
272 732 297 761 a
319 717 448 762 vario
474 718 624 761 Lunae
655 715 806 779 positu
845 714 1121 761 mutabilem
1154 711 1387 775 judicant,

93 806 239 836 errare
259 789 520 837 verosimile
541 790 620 836 est.
693 788 1094 854 Qandoquidem
1116 786 1389 834 succedente

95 862 236 910 etiam
275 865 390 912 aeris
416 863 545 919 aestU,
582 864 663 927 qui
689 863 867 909 marino
892 863 1183 924 respondeat,
1230 874 1275 907 et
1308 859 1389 906 sub

95 936 260 1000 majori
286 955 476 1002 quoque
503 937 635 992 aeris,
683 953 825 1000 quam
861 951 1088 999 aquarum
1127 934 1268 981 maris
1293 934 1390 980 ele-

96 1005 306 1068 vatione,
352 1011 499 1058 nihilo
538 1024 693 1055 tamen
735 1009 909 1067 minus,
947 1009 1027 1055 vix
1061 1008 1240 1071 aliquid
1265 1024 1318 1054 ea
1342 1006 1390 1052 in

98 1101 146 1130 re
164 1084 377 1146 poffibile
403 1085 466 1130 est
490 1083 740 1132 barometri
760 1083 970 1129 mensura
987 1082 1229 1144 proficere.
1290 1082 1390 1127 Re-

97 1173 209 1203 vera
235 1157 263 1203 fi
290 1159 454 1204 demus
491 1175 642 1205 aerem
669 1157 832 1204 marini
856 1157 988 1203 aestus
1028 1168 1258 1219 tempore,
1292 1155 1392 1201 sex-

99 1230 259 1292 aginta
275 1232 471 1294 pedibus
492 1233 647 1286 altius,
671 1244 860 1294 propter
876 1232 1030 1276 Lunae
1049 1229 1390 1284 attraffionem,

99 1304 290 1358 elevari,
326 1304 496 1365 *diurna
530 1303 729 1350 variatio
753 1303 905 1350 omnis
953 1302 1000 1348 in
1042 1300 1287 1349 altitudine
1313 1319 1391 1349 co-

99 1375 274 1421 lumnae
321 1393 478 1433 aereae,
531 1393 638 1440 quae
686 1376 740 1422 fit
786 1375 997 1438 undique
1031 1377 1187 1423 massae
1222 1377 1395 1423 homo-

99 1463 278 1511 geneae,
293 1447 593 1512 ejusdemque
617 1465 727 1495 cum
746 1447 1001 1512 respirabili
1023 1465 1124 1494 aere
1139 1450 1392 1506 densitatis,

100 1522 186 1568 erit
209 1523 387 1586 pedum
416 1540 683 1580 centenum,
708 1538 755 1571 et
780 1524 1021 1580 vicenum,
1060 1520 1298 1586 sexaginta
1319 1526 1394 1571 vi-

100 1596 272 1643 delieet
287 1597 574 1654 ascensionis,
598 1599 893 1662 totidemque
914 1596 1239 1645 descensionis.
1270 1600 1397 1647 Cum

97 1687 213 1718 vero
239 1673 508 1721 Mercurius
532 1673 624 1720 fere
649 1674 871 1721 undecies
896 1672 1065 1719 millies
1093 1689 1193 1719 aere
1219 1674 1397 1737 ponde-

99 1745 243 1792 rofior
266 1745 335 1801 fit,
372 1747 478 1793 data
504 1747 584 1793 ista
606 1748 783 1809 pedum
802 1759 1070 1802 centenum,
1109 1754 1156 1796 et
1175 1746 1402 1794 vicenum

100 1818 149 1866 in
175 1819 424 1866 altitudine
469 1821 707 1867 columnae
731 1836 891 1876 aereae,
932 1820 1144 1876 variatio,
1178 1820 1255 1866 vix
1279 1820 1396 1866 dua—

104 1908 209 1939 rum
235 1892 418 1939 circiter
440 1893 668 1940 linearum
698 1895 1009 1941 variationem
1035 1895 1302 1941 barometro
1327 1894 1400 1940 in-

103 1965 238 2013 feret.
310 1967 403 2012 Sed
429 1982 540 2015 cum
568 1967 860 2014 consimilem
884 1968 930 2012 in
965 1967 1214 2014 barometri
1239 1966 1401 2015 altitu-

104 2039 214 2086 dine
253 2039 578 2096 variationem,
627 2039 744 2104 saepe
787 2040 908 2086 intra
955 2041 1084 2087 diem
1112 2043 1128 2066 ³
1170 2042 1399 2087 anomalae

105 2114 273 2160 caussae
295 2114 395 2159 aliae
422 2113 719 2176 portendant,
760 2112 839 2160 vix
876 2129 1123 2178 propterea
1147 2115 1337 2170 mirum,
1369 2115 1400 2160 s1

106 2188 364 2235 minimum
390 2205 416 2233 a
441 2188 577 2244 Solis,
617 2203 664 2235 et
687 2191 843 2236 Lunae
868 2190 1065 2247 afflone,
1101 2189 1215 2236 aeris
1240 2192 1401 2252 preffi-

106 2280 218 2311 ones
243 2264 413 2310 mutari
439 2278 577 2327 capta
602 2264 874 2313 barometris
898 2266 1216 2329 experimenta
1237 2265 1401 2312 suade-

109 2354 203 2388 ant.
295 2342 501 2402 Jamque
550 2341 723 2388 etenim
771 2358 941 2404 magna
998 2353 1224 2403 perpetuo
1284 2339 1402 2394 inter

110 2429 318 2472 emeras,
339 2413 528 2460 illorum
547 2412 740 2462 fallaciae
760 2415 912 2461 cauffa
927 2412 1090 2469 subest,
1111 2427 1162 2461 ut
1181 2428 1270 2459 non
1288 2412 1402 2459 aeris

1319 2498 1327 2518 ὅ

106 2673 133 2711 b
161 2618 176 2640 3
206 2611 320 2651 Conf.
348 2613 529 2667 Refl.sur
544 2616 581 2652 la
598 2615 705 2665 Caust
717 2628 800 2666 gen.
816 2614 858 2652 de
876 2617 919 2655 V
912 2624 997 2653 ents.
1038 2614 1111 2654 Par
1128 2614 1189 2654 M.
1209 2613 1261 2652 D.
1283 2612 1411 2650 Alem-

135 2683 205 2714 etta

1182 2732 1404 2797 gravitate
