1871 3211
426 277 526 320 214
658 259 775 311 DE
832 241 1016 313 {sm
1075 265 1461 337 PERQOD.

429 394 648 444 Tandem
686 396 839 446 senilis
867 400 1143 458 Marasmus,
1184 415 1229 450 et
1253 403 1473 452 infantilis
1510 406 1708 464 Atrofia,

425 468 546 532 saepe
585 468 774 519 fatalem
811 486 1116 539 utrorumque
1162 475 1391 525 summam
1439 480 1709 536 conficiunt,

425 560 578 609 neque
601 560 794 612 utraque
815 552 941 597 Vitae
959 566 1184 614 tempora,
1210 555 1336 618 quod
1360 555 1419 601 ab
1444 554 1709 603 inflamma-

426 620 556 668 toriis
599 622 783 672 sinceris
825 626 1001 673 morbis
1048 626 1131 674 fibi
1171 643 1399 686 metuant,
1449 631 1711 693 plurimum

426 693 618 753 habent,
634 713 794 760 ‚neque
819 717 923 760 quae
946 700 993 745 id
1015 717 1159 762 genus
1180 703 1352 749 morbis
1378 704 1564 766 egregie
1588 721 1710 767 prae-

425 768 587 830 primis
631 768 932 831 subveniunt,
973 785 1104 815 venae
1141 773 1353 820 sectionis
1392 775 1562 822 auxilia
1601 778 1710 839 plu-

426 841 600 888 rimum
624 839 796 887 ferunt.

492 986 574 1045 64.
612 985 722 1032 Post
760 1002 867 1050 quae
906 982 1071 1035 similes
1110 987 1156 1034 in
1204 989 1364 1036 multis
1405 1004 1713 1056 utrorumque

427 1063 587 1119 animi,
614 1062 812 1109 eandem
838 1062 1047 1108 similiter
1070 1063 1321 1126 utrobique
1348 1065 1472 1111 Vitae
1504 1081 1716 1114 normam

427 1149 644 1200 arguunt.
716 1136 794 1183 Sic
820 1137 1040 1183 videmus
1065 1137 1288 1200 utrosque
1313 1137 1463 1185 subito
1484 1139 1628 1197 irasci,
1667 1153 1716 1190 et

427 1225 616 1274 propter
640 1212 766 1259 leves
793 1211 908 1274 srepe
943 1227 1013 1257 res
1057 1211 1402 1267 excandescere,
1443 1225 1544 1258 tum
1581 1214 1716 1264 facile

428 1286 614 1342 mutari,
655 1287 798 1333 modo
826 1287 1081 1349 pertinaces
1109 1288 1214 1344 effe,
1257 1286 1370 1333 item'
1409 1303 1532 1333 nunc
1569 1288 1716 1338 subita

428 1356 680 1406 formidine
721 1360 910 1422 corripi,
959 1375 1080 1405 nunc
1118 1358 1163 1404 in
1191 1376 1363 1422 magna
1399 1359 1715 1422 periculorum

429 1433 730 1498 despicientia
754 1436 934 1492 versari,
960 1449 1059 1482 tum
1082 1450 1190 1479 vero
1215 1435 1475 1494 blanditiis,
1510 1435 1718 1480 suorum-

430 1527 523 1573 que
539 1513 808 1570 affiduitate‚
831 1511 1505 1568 etaffenmtionibusdelet‘ftari,
1523 1511 1716 1574 vimque

431 1586 576 1632 animi
602 1603 794 1634 omnem
823 1589 867 1634 in
885 1587 942 1642 se,
966 1601 1011 1632 et
1033 1601 1118 1648 pro
1139 1584 1181 1631 se
1203 1599 1492 1633 convertere.
1531 1587 1718 1647 Quam·

420 1662 593 1721 ‚obrem
640 1662 710 1708 bis
754 1665 928 1711 Pueros
957 1663 1098 1707 Senes
1131 1659 1500 1723 antiquiffimum
1527 1661 1716 1707 vocavit

433 1737 671 1799 adagium,
685 1738 798 1784 Vita
813 1737 981 1783 eodem
1004 1736 1094 1782 fere
1113 1735 1255 1781 animi
1275 1750 1319 1783 et
1339 1735 1540 1800 corporis
1557 1736 1716 1792 modo,

432 1829 527 1875 quo
551 1827 662 1858 cum
692 1826 849 1858 exorta
874 1813 951 1867 est,
981 1811 1301 1858 intercidente.

500 1962 579 2023 65.
619 1963 840 2026 Qorum
873 1972 1029 2005 tamen
1065 1958 1269 2020 plurima
1307 1957 1386 2004 vix
1427 1973 1505 2004 eos
1529 1955 1717 2021 respici-

435 2048 535 2091 unt,
550 2051 750 2098 quorum
769 2034 989 2080 Senectus
1008 2032 1419 2091 invidiosissimam,
1437 2044 1483 2077 et
1500 2030 1716 2078 ultimam

433 2109 650 2156 humana:
670 2108 900 2170 sapientiae
918 2120 1092 2153 nietam
1110 2106 1299 2160 claudit,
1322 2119 1366 2151 et
1386 2105 1572 2168 quibus,
1590 2105 1720 2151 sanc·

433 2183 600 2231 tiffime
616 2201 699 2246 pro
722 2182 890 2240 Patria,
917 2197 1094 2245 proque
1114 2180 1359 2227 hominum
1384 2179 1597 2226 societate
1614 2181 1718 2227 uni-

435 2261 564 2306 versa
595 2260 841 2322 postquam
879 2258 907 2305 ii
944 2258 1088 2304 vitam
1131 2255 1462 2319 impenderint,
1497 2256 1720 2301 Seneffitus

436 2334 562 2397 quasi
597 2334 931 2379 nobiliffimum
955 2331 1139 2378 virtutis
1166 2329 1254 2376 suae
1280 2328 1524 2392 praemium
1557 2344 1582 2374 a
1615 2328 1720 2375 Diis

437 2408 777 2453 immortalibus
802 2406 1087 2452 conceditur.
1150 2403 1378 2452 Abundat
1402 2400 1526 2446 enim
1552 2415 1605 2444 ea
1631 2399 1718 2460 inv⁴

437 2480 597 2544 primis
619 2481 870 2531 virtutibus
894 2493 1023 2535 aetas,
1049 2494 1201 2541 neque
1221 2475 1280 2522 ad
1299 2474 1612 2528 Seneciutern,
1638 2471 1721 2517 de-

438 2556 647 2618 sipientes
689 2569 734 2600 et
769 2553 1104 2616 immorigerati
1144 2550 1279 2598 facile
1302 2550 1486 2603 vivunt,
1528 2559 1580 2592 ut
1605 2561 1720 2592 con-

438 2630 680 2686 senescere,
707 2644 881 2690 magna
906 2629 957 2675 sit
974 2627 1097 2676 Vitae
1119 2625 1411 2674 laudabiliter
1435 2625 1548 2673 aetae
1573 2624 1714 2686 {igni-

806 2719 830 2767 5
1548 2697 1719 2746 ficatio.

1865 703 1871 734 ί,

1863 737 1871 759 1

1863 765 1871 783 ,Ι

1867 845 1871 864 l
