1871 3211
491 256 582 301 142
715 240 833 291 DE
883 241 1067 291 VIT.
1126 242 1513 293 PERIOD.

483 374 636 421 rursus
660 373 817 423 sedula
840 388 885 423 et
917 374 1281 440 frequentissima
1316 379 1640 442 exemplorum
1674 392 1764 425 un-

484 446 628 510 dique
653 448 907 505 consenfio,
932 448 1155 497 affensum
1174 449 1269 498 fere
1292 452 1470 500 nolenti
1494 452 1762 498 extorfiffet.

483 521 641 566 Tanta
695 522 925 584 siquidem
971 521 1246 570 morborum
1294 540 1403 571 cum
1449 520 1801 588 circumpositi

480 595 593 641 aeris
617 595 1002 644 viciffitudinibus
1046 598 1343 646 conformitas
1368 613 1511 657 extat,
1556 614 1764 648 tantum-

480 683 576 730 que
601 684 763 715 eorum
788 670 1166 717 conversionibus
1200 673 1542 735 praenoscendis
1562 673 1764 737 tempes-

479 755 630 788 tatum
653 745 964 805 praenotiones
991 744 1167 800 valent,
1205 759 1250 792 et
1287 746 1499 802 viciffim,
1541 747 1760 810 quamvis

475 830 567 860 non
594 815 757 861 eadem
792 816 1130 876 aegrotantibus
1162 817 1400 873 omnibus,
1439 835 1524 864 nec
1551 818 1761 864 mensura

475 897 561 933 nec
582 902 791 949 tempore
818 888 1038 951 eveniant
1078 887 1182 949 (alii
1207 889 1333 934 enim
1355 890 1510 936 triduo
1535 905 1658 950 ante,
1686 891 1762 939 alii

456 952 640 1023 'pridie,
663 961 892 1023 multique
927 961 1067 1007 etiam
1089 961 1170 1007 sub
1197 961 1293 1023 ipsa
1326 962 1625 1024 impendente
1647 965 1760 1011 aeris

474 1034 735 1081 mutatione
782 1035 972 1096 gravius
1003 1034 1294 1099 plectuntur)
1336 1048 1388 1081 ut
1425 1036 1596 1092 morbi,
1634 1052 1761 1084 mor-

471 1110 736 1171 borumque
761 1121 969 1163 eventus,
996 1122 1074 1154 aut
1097 1108 1276 1155 easdem
1297 1125 1406 1155 cum
1427 1110 1757 1172 tempestatum

471 1183 786 1229 mutabilitate
825 1183 996 1229 caussas
1030 1183 1222 1238 habere,
1266 1196 1347 1231 aut
1385 1183 1591 1231 isocrona
1626 1197 1752 1232 utro-

472 1258 613 1321 bique
658 1258 919 1305 mobilitate
962 1274 1125 1304 eorum
1165 1272 1359 1322 utraque
1406 1260 1638 1320 incedere,
1675 1277 1759 1308 nec

469 1332 722 1378 dubitem:
764 1331 809 1377 in
856 1331 1000 1395 quod,
1050 1330 1146 1377 fere
1182 1333 1348 1379 cuncta
1390 1333 1506 1390 haec,
1549 1350 1654 1398 quae
1689 1335 1760 1382 his

472 1406 602 1452 libris
631 1406 908 1468 scripsimus,
947 1418 992 1451 et
1016 1405 1201 1468 sparsim
1223 1406 1352 1463 alibi,
1379 1407 1591 1455 tendunt.

534 1555 582 1600 8.
621 1553 898 1616 Cujusmodi
941 1554 1068 1618 quod
1109 1553 1202 1601 fere
1242 1567 1469 1619 perpetuo
1526 1555 1756 1603 contraria

469 1629 801 1692 plerorumque
837 1630 1129 1676 Clinicorum
1169 1632 1284 1677 ratio
1324 1631 1393 1686 sit,
1432 1630 1536 1676 inde
1578 1631 1607 1676 si
1651 1647 1757 1693 quae

468 1701 514 1747 in
539 1703 766 1750 diuturnis
791 1704 1021 1766 potissime
1049 1705 1223 1751 morbis
1250 1705 1503 1767 repentinae
1531 1705 1754 1751 mutatio-

467 1793 545 1822 nes
585 1779 720 1833 fiunt,
746 1792 826 1824 aut
849 1778 1174 1841 delinquentes
1213 1780 1256 1825 in
1294 1779 1421 1825 victu
1462 1791 1752 1841 aegrotante5‚

468 1863 545 1894 aut
571 1864 674 1896 ante
700 1850 914 1896 habitum
942 1852 1392 1897 medicamentorum
1419 1851 1669 1907 delectum,
1696 1852 1751 1897 fi·

466 1925 617 1970 duci-„e
641 1925 884 1987 plenissimi
930 1926 1151 1972 inculant.
1225 1928 1385 1989 Qare
1422 1927 1590 1973 cuncta
1626 1925 1747 1989 saepe

467 2011 669 2056 mutant,
714 2011 988 2060 aegrotantes
1032 1998 1181 2044 inedia
1220 1999 1499 2055 conficiunt,
1540 2015 1753 2063 novaque

464 2073 591 2118 Artis
630 2089 719 2135 ope
754 2073 923 2119 iterum
965 2073 1232 2135 iterumque
1269 2072 1526 2136 impetrata,
1569 2073 1754 2120 illorum

464 2148 644 2203 Vitam,
667 2147 868 2210 phisicis,
890 2147 1060 2210 quibus
1083 2146 1272 2202 constat,
1299 2160 1344 2192 et
1363 2146 1602 2193 sustinetur
1623 2145 1752 2192 caus-

466 2221 535 2276 sis,
562 2223 765 2268 eximere
791 2221 1081 2269 adlaborant.
1145 2224 1268 2284 Qae
1294 2221 1410 2284 saepe
1429 2222 1619 2284 quidem
1639 2237 1752 2267 con-

466 2292 601 2349 sult0‚
641 2295 717 2341 sed
744 2296 790 2341 in
816 2296 983 2340 laevam
1004 2294 1255 2357 aliquando
1280 2295 1418 2339 etiam
1452 2307 1631 2357 partem
1667 2311 1745 2356 pa-

463 2379 658 2415 trantur.
729 2369 957 2415 Crescunt
994 2368 1168 2414 etenim
1218 2383 1327 2413 cum
1369 2368 1502 2414 novis
1540 2367 1749 2414 medica-

465 2440 634 2485 mentis
668 2441 792 2488 Vitae
825 2441 1021 2498 fastidia,
1065 2441 1269 2504 Vitaque
1293 2441 1445 2486 omnis
1471 2457 1580 2488 cum
1617 2441 1747 2487 tenui

465 2512 591 2557 victu
619 2514 914 2560 consimiliter
939 2527 1200 2570 extenuata,
1233 2513 1430 2577 jamque
1465 2514 1651 2560 tandem
1677 2514 1748 2560 in-

464 2584 687 2629 animatas
729 2602 817 2643 res,
859 2586 1121 2633 caducitate
1162 2598 1207 2632 et
1242 2587 1505 2634 mobilitate
1538 2586 1617 2632 sua
1652 2585 1746 2632 fere

466 2671 694 2720 exaequat.

1483 2752 1527 2799 9.
1561 2736 1741 2783 Verum
