1871 3211
469 266 532 310 ,μ
699 251 814 299 DE
880 251 1063 298 VIT.
1097 228 1522 300 <PER10'Dss

474 383 695 446 sanguine
735 383 837 440 rite,
879 396 924 430 et
948 383 1116 430 debitis
1140 383 1341 447 periodis
1368 386 1552 452 fluente·
1572 385 1753 450 optime

471 457 690 503 valebat:
733 458 906 503 accidit
945 473 1054 504 vero
1100 471 1154 504 ut
1189 459 1367 505 vernali
1412 472 1624 523 tempore
1661 458 1752 506 sto-

472 529 642 576 macho
682 531 892 578 laborans
928 530 1182 578 vomitorio
1206 544 1429 588 uteretur,
1480 544 1525 577 et
1559 529 1754 594 quidem

473 602 666 650 instante
693 606 818 653 fluxu
839 605 1233 654 haemorrhoidali.
1302 605 1505 652 Vomuit
1529 606 1672 669 igitur
1695 607 1754 653 ab

473 676 574 738 illo,
607 680 833 742 etquidem
861 693 945 743 per
974 691 1066 728 tres
1099 680 1188 726 dies
1223 682 1452 736 continuos,
1481 678 1758 742 sanguinem

474 751 795 814 nigerrimum.
834 757 932 802 Sub
959 769 1189 802 autumno
1213 755 1430 803 redibant
1453 754 1758 803 haemorrhoi-
1780 750 1786 753 ’
1858 811 1859 822 ¹

471 824 552 870 des
577 824 796 884 furentes,
835 828 977 876 anxiis
1003 828 1273 890 praecordis,
1316 843 1425 874 cum
1471 826 1677 889 fingultu
1712 840 1760 875 et

471 895 786 944 suffocationis
828 899 1055 962 periculo.
1139 901 1316 962 Neque
1357 911 1454 944 erat
1495 898 1756 945 Medicinae

465 967 620 1024 locus,
658 971 804 1018 donec
843 973 1153 1019 vomitorium
1193 972 1361 1019 iterum
1408 972 1622 1017 daretur:
1665 988 1762 1034 quo

473 1042 722 1105 affumptO,
773 1046 929 1092 denuo
976 1048 1103 1091 craffi
1140 1058 1187 1091 et
1233 1045 1350 1107 nigri
1400 1042 1632 1105 sanguinis
1673 1042 1766 1090 vo-‘

472 1115 614 1161 mitus
658 1117 889 1180 apparuit,
933 1118 1219 1180 morbusque
1242 1116 1407 1179 procul
1442 1114 1594 1162 omnis
1620 1114 1762 1162 abiit:

475 1186 736 1251 exindeque
794 1188 876 1234 sub
934 1203 1159 1237 autumno
1212 1202 1261 1242 vet
1319 1205 1443 1245 vere,
1499 1187 1650 1248 dorso,
1719 1201 1767 1237 et

473 1260 648 1307 lumbis
668 1261 951 1318 dolentibus,
991 1262 1089 1309 solo
1120 1263 1350 1325 sanguinis
1389 1261 1593 1317 vomim,
1634 1260 1763 1307 sana-

476 1334 623 1380 batur.

542 1499 590 1536 4.
633 1481 851 1543 Qiorum
880 1496 1036 1543 porro,
1085 1496 1192 1545 quae
1217 1481 1472 1540 scribimuS,
1527 1482 1767 1533 occasione

478 1551 601 1597 haud
626 1568 767 1615 grave
792 1552 844 1598 sit
872 1552 1268 1604 animadvertisse.

541 1703 604 1748 A.
644 1702 784 1751 Dina
831 1703 1055 1767 ejusmodi
1098 1706 1328 1769 sanguinis
1375 1707 1609 1771 profluvia
1649 1705 1768 1770 saepe

480 1775 621 1822 tridui
646 1778 842 1839 periodo
877 1779 1216 1839 circumscribi,
1260 1783 1388 1844 quod
1418 1782 1658 1828 Sthaliano
1683 1780 1767 1826 ho-

478 1848 594 1894 mini
637 1850 854 1912 contigit,
897 1852 1008 1898 item
1050 1866 1093 1898 et
1133 1854 1235 1901 aliis
1271 1855 1328 1900 de
1371 1855 1542 1918 quibus
1581 1854 1770 1900 Salmu-
1834 1863 1835 1868 ’

478 1922 582 1969 thus
607 1923 620 1947 ⁵
644 1939 654 1966 z
695 1936 747 1969 ut
780 1925 918 1971 etiam
942 1926 1199 1988 praepedita
1231 1928 1486 1975 mulierum
1513 1925 1766 1974 menstrua-

477 1994 620 2051 tione,
669 1994 785 2059 saepe
832 1998 986 2044 morbi
1029 1997 1278 2045 succedunt
1326 1999 1538 2046 triduana
1572 1996 1769 2061 periodo

478 2069 667 2116 finiendi
692 2088 701 2116 z
741 2071 869 2134 quod
893 2073 951 2118 de
974 2072 1171 2136 Virgine
1197 2075 1404 2137 quadam
1429 2073 1607 2136 scripfit
1630 2071 1768 2140 Zim7

482 2158 797 2201 mermannus,
841 2161 947 2208 quae
985 2162 1094 2194 cum
1131 2164 1222 2194 non
1249 2147 1401 2194 adhuc
1426 2160 1560 2194 utero
1598 2161 1770 2208 purga-

481 2229 618 2272 retur,
660 2217 872 2264 triduana
907 2219 1101 2281 Epistafi
1142 2221 1332 2282 singulis
1359 2219 1378 2248 ⁶
1408 2219 1640 2267 mensibus
1673 2219 1770 2264 affi-

483 2288 709 2336 ciebatur.
748 2292 892 2340 Extat
911 2292 1051 2339 etiam
1072 2294 1345 2356 exemplum
1368 2293 1598 2352 foeminae,
1624 2307 1772 2355 quam
1839 2310 1845 2314 ·

483 2362 718 2411 menstruis
735 2380 969 2413 carentem
990 2367 1202 2414 triduana
1219 2368 1490 2418 sternutatio
1512 2373 1702 2420 tenebat
1722 2376 1737 2401 ⁷
1753 2396 1767 2428 ς

534 2550 542 2562 ‘
574 2545 692 2582 Conf-
712 2546 888 2586 Schneid.
904 2550 997 2587 Loc.
1013 2550 1077 2588 cit.

532 2604 549 2624 ⁶
575 2606 651 2641 Des
669 2606 818 2644 Excret.
853 2610 921 2661 Op.
942 2613 1003 2647 cit.
1027 2611 1128 2649 Tame
1145 2613 1220 2651 ῙῙῙ.

533 2668 547 2689 ⁷
576 2665 674 2717 Eph.
696 2666 788 2705 Nat.
811 2669 898 2705 Car.
918 2671 1009 2709 Des.
1029 2672 1079 2710 ΙΙ.
1100 2673 1198 2710 Αηη.
1223 2673 1257 2710 3.
1286 2672 1369 2716 Obsi
1391 2686 1473 2725 152,
1741 2725 1770 2770 b

1479 2750 1483 2753 ·
1709 2741 1736 2770 O
