1871 3211
387 269 1090 317 SANORUM.
1326 286 1380 321 21

82 401 268 453 rrendOt
318 418 602 466 nuperorum
627 402 770 449 etiam
804 417 1038 449 nonnemo
1072 402 1387 464 vegetabilem

91 476 269 523 vietum
288 478 481 525 minime
508 478 735 525 idoneum
777 476 830 523 iis
855 477 1047 531 censuit,
1092 492 1293 538 quorum
1319 477 1388 523 in-

91 551 223 599 firma
242 553 352 600 effet
377 553 618 600 valetudo.
688 554 870 598 Verum
891 564 1051 597 autem
1075 552 1120 597 in
1146 550 1214 596 his
1242 562 1385 612 atque

90 621 136 668 in
162 625 357 683 caeteris,
391 641 499 689 quae
542 626 598 672 ad
633 625 794 671 Vitam
820 623 1071 686 pertinent,
1101 622 1255 668 omnis
1280 639 1385 686 per-

85 708 234 758 petuo
259 714 285 743 a
309 699 510 761 regionis
536 700 662 754 loco,
702 711 748 744 et
772 697 1018 760 praegreffa
1062 710 1198 743 antea
1235 697 1383 743 nutri-

87 768 226 817 tionis
245 772 592 829 consuetudine,
618 771 737 819 ratio
755 771 973 817 ducenda
994 771 1057 817 est
1080 768 1246 833 :juxta
1262 772 1388 818 enim

84 843 241 892 varios
266 846 347 894 soli
374 847 562 911 positus,
590 848 713 894 varie
738 846 882 893 etiam
907 858 1258 908 contemperata
1284 845 1386 892 sunt

83 920 426 981 vegetabilium
461 934 508 968 et
550 921 827 968 animalium
872 918 1116 983 principia,
1160 919 1386 982 praegres-

84 991 247 1055 susque
272 1006 405 1040 antea
436 994 701 1041 nutritionis
722 994 909 1050 modus,
936 991 1073 1039 facile
1093 993 1384 1039 tolerabilio-

83 1077 182 1109 rem
224 1080 335 1112 eum
360 1066 541 1113 vietum
591 1067 760 1122 reddit,
799 1066 878 1130 qui
920 1079 1075 1112 tamen
1103 1065 1255 1110 minus
1298 1080 1382 1110 na-

85 1149 186 1183 tura
210 1138 289 1185 sua
314 1139 595 1186 conveniens
622 1139 793 1187 fuiffet.
869 1141 1011 1186 Certe
1033 1139 1294 1186 verosimile
1319 1140 1384 1185 est

83 1210 279 1256 eandem
326 1209 374 1255 in
415 1224 613 1273 utroque
652 1211 805 1257 vietus
851 1228 1019 1272 genere
1061 1211 1381 1266 substantiam,

84 1282 389 1344 glutinosam,
433 1283 688 1338 elasticam,
736 1283 1185 1344 vegeto-animalem
1229 1284 1381 1330 nutri-

82 1355 206 1402 endo
255 1357 494 1419 prodeffe:
533 1356 814 1419 putavitque
839 1361 866 1392 4
911 1356 1052 1401 etiam
1101 1373 1193 1402 non
1243 1372 1384 1401 nemo

81 1443 187 1474 eam
227 1443 252 1474 a
293 1429 481 1491 plantis,
523 1428 702 1491 integre
743 1427 789 1474 in
823 1426 1043 1473 animalia
1089 1428 1294 1483 transire,
1332 1441 1385 1474 ut

78 1500 310 1564 quidquid
338 1500 529 1564 proprie
557 1501 602 1546 in
631 1501 744 1556 istis,
782 1500 990 1546 animalis
1028 1500 1274 1547 substantia
1300 1518 1383 1547 au-

78 1575 166 1634 dit,
210 1590 351 1622 omne
389 1575 756 1638 vegetabilibus,
817 1575 989 1639 quibus
1032 1588 1162 1620 antea
1202 1590 1384 1621 connu-

80 1651 190 1699 trita
226 1668 279 1698 ea
316 1651 437 1707 sunt,
485 1651 779 1698 referendum
823 1652 892 1699 sit.
978 1650 1072 1697 Vix
1113 1664 1269 1697 tamen
1313 1652 1378 1697 est

82 1725 302 1783 dubium,
338 1725 524 1771 varium
552 1726 639 1771 effe
667 1726 710 1772 in
739 1724 966 1771 alterutris
1011 1722 1233 1786 ejusmodi
1272 1724 1381 1771 sub-

80 1799 277 1856 stantiae,
304 1799 524 1846 miscellae
550 1800 750 1846 modum
772 1817 783 1845 ι
812 1813 1117 1862 utpropterea
1141 1799 1382 1846 ardentem

79 1873 291 1937 spiritum
310 1874 594 1937 vegetabilia
613 1873 938 1920 fermentando
958 1873 1227 1918 emmittant
1246 1890 1255 1918 ε
1277 1874 1379 1919 ani-

80 1948 223 1995 malio
247 1965 375 2004 vero,
396 1965 503 1996 cum
523 1949 813 2015 putrescunt,
843 1948 1073 1998 fincerum
1098 1947 1210 1999 dent
1236 1948 1379 2000 alkali

82 2022 290 2073 volatile.

122 2214 142 2237 ⁴
170 2211 259 2247 Van
278 2208 466 2248 Bochaut.
493 2209 681 2257 ,Mem-sur
711 2207 890 2259 l’01·{gr.r‘21e
915 2217 948 2244 ct
966 2208 1004 2245 la
1034 2209 1127 2245 Nat.
1149 2209 1188 2245 de
1207 2208 1243 2244 la
1270 2207 1382 2257 Suffl-

70 2271 194 2309 Am’m.
223 2271 356 2320 Journ.
376 2269 417 2306 de
443 2268 550 2319 Ph2'J:
573 2269 725 2306 ericr
759 2268 868 2318 1786.
906 2267 1186 2318 Sagaciffimum
1214 2268 1385 2306 Beccarii

71 2331 275 2370 inventum
312 2329 359 2367 ad
392 2326 467 2366 alia
498 2326 732 2378 vegetabilia
764 2328 945 2378 plurima,
991 2339 1074 2366 tum
1103 2328 1292 2379 praecipue
1334 2330 1383 2367 ad

71 2391 221 2441 plantas
239 2389 382 2441 quibus
401 2388 611 2426 domestico
632 2388 698 2426 usu
729 2387 924 2435 vescimur,
954 2387 1103 2425 collatis
1122 2400 1295 2426 accurate
1318 2404 1384 2427 ex-

70 2448 306 2501 perimentis,
349 2447 542 2485 transtulit
576 2447 639 2486 Cl.
661 2448 841 2487 Rouelle.
899 2447 1017 2485 Extat
1051 2457 1087 2484 ct
1116 2446 1156 2484 in
1176 2448 1289 2486 viridi
1322 2463 1378 2486 req

69 2510 239 2549 centium
263 2511 479 2560 plantarum
505 2509 638 2547 succo:
672 2523 886 2561 verumque
911 2507 1047 2546 exinde
1078 2509 1287 2560 percipitur
1313 2523 1381 2547 vo-

69 2570 176 2609 latile
197 2568 338 2607 alkali:
360 2581 516 2623 apparet
533 2583 691 2621 quoque
707 2568 878 2620 aliquam
893 2568 1007 2619 hujus
1027 2568 1242 2606 substantiae
1256 2584 1376 2622 quan-

68 2630 218 2668 titatem
254 2629 293 2667 in
327 2628 508 2669 amilacea
538 2641 643 2679 parte
667 2629 883 2667 constanter
912 2630 1040 2674 latere,
1064 2642 1151 2679 quae
1178 2640 1380 2679 propterea

68 2690 240 2728 fimiliter
282 2688 400 2727 alkali
433 2688 588 2726 volatile
619 2689 813 2736 exhibeat,
846 2688 969 2727 minus
1003 2699 1129 2728 tamen
1174 2703 1290 2740 quarn
1328 2689 1377 2726 fic

68 2750 219 2806 proprie
239 2749 337 2789 dicta
355 2763 441 2803 pars
461 2748 808 2801 vegeto-animalis.

698 2803 737 2850 C
778 2819 801 2865 3
1082 2817 1153 2863 13.
1184 2803 1367 2867 Qarnru
