1871 3211
417 294 1111 344 CAUSSIS.
1320 314 1412 362 179

0 366 1 384 l

0 390 1 484 l
113 425 306 475 bilitatis
334 428 380 474 in
408 443 606 490 corpore
647 426 860 491 superest,
894 445 973 476 aut
1019 428 1203 491 sanguis
1242 430 1408 494 impari

0 493 2 565 l
113 500 169 545 ad
196 502 300 548 loca
330 517 436 565 quae
462 502 751 564 praeterfluit,
800 504 978 566 impetu
1018 503 1063 549 in
1089 519 1145 549 eo
1170 518 1406 560 movetur,

1 575 3 614 Ι
102 571 298 638 jamque
325 576 556 638 quidquid
579 578 853 624 cellulosum
883 579 926 623 in
951 577 1176 640 pulmone
1202 577 1280 631 est,
1307 578 1409 624 san-

2 666 4 684 i
111 648 251 709 guine
271 650 573 709 redundabit,
612 650 792 713 istoque
833 651 878 695 in
920 651 1055 707 illud,
1093 649 1220 712 quasi
1257 651 1408 697 diver-

110 721 326 779 ticulum,
375 724 473 770 vim
519 723 736 779 faciente,
794 723 901 770 inde
939 723 1298 786 Haemophtisis,
1363 738 1410 771 et

110 795 504 860 Peripneumonia
529 798 626 862 ejus
649 797 908 861 plurimum
927 797 1077 844 aetatis
1102 813 1254 855 erunt,
1282 799 1412 863 quod

108 871 394 918 veriffimum
423 873 502 918 est.
573 872 817 918 Pituitaria
841 884 998 917 autem
1026 873 1297 918 membrana
1318 873 1411 919 cir-

109 943 322 991 cumfuso
343 947 565 1009 sanguine
591 944 841 1001 obstructa,
880 944 1071 1008 ejusque
1098 945 1281 993 cellulis
1307 962 1412 993 me·-

108 1019 304 1080 pirineo,
352 1035 397 1068 et
423 1020 749 1067 inflammabili
792 1020 902 1066 flatu
937 1021 1250 1083 turgentibus,
1301 1021 1412 1069 inde

110 1089 217 1137 naso
245 1093 381 1140 facile
424 1092 658 1157 sanguinis
683 1094 972 1157 profluvium
1014 1093 1303 1152 incitabitur,
1346 1091 1413 1140 ita

109 1177 282 1223 tamen,
304 1181 355 1213 ut
371 1168 581 1231 plethora
605 1167 661 1214 ad
687 1168 964 1230 pulmonem
981 1167 1155 1230 potius,
1184 1183 1331 1229 quam
1351 1167 1411 1213 ad

111 1254 256 1301 caput
294 1243 551 1303 pertineat:
591 1259 754 1306 quare,
798 1255 964 1305 praeter
1014 1242 1248 1304 sanguinis
1296 1242 1412 1289 hali-

109 1327 230 1371 tum,
273 1333 413 1379 quem
442 1317 488 1363 id
516 1333 662 1380 genus
688 1319 991 1380 AEgrotantes
1018 1317 1138 1380 saepe
1164 1317 1209 1364 in
1233 1334 1312 1363 ore
1337 1317 1411 1364 in-

111 1388 289 1445 cusant,
317 1390 551 1454 quidquid
577 1392 719 1437 etiam
743 1408 827 1453 per
851 1407 904 1436 ea
929 1391 1034 1437 loca
1055 1391 1228 1438 cruoris
1253 1389 1414 1438 fundi-

78 1477 80 1480 *
111 1474 202 1518 tur,
239 1462 473 1526 nigrescit,
501 1465 640 1529 inque
666 1465 865 1527 coagula
892 1481 1001 1511 mox
1027 1465 1140 1512 coit.
1212 1464 1413 1512 Praeter-

111 1552 167 1582 ea
209 1538 459 1600 pituitariae
505 1539 794 1586 membranae
836 1539 1076 1596 infarctus‚
1119 1556 1172 1586 ea
1208 1553 1417 1587 vertente

113 1613 326 1675 periodo,
390 1613 580 1660 suadent
639 1631 835 1676 coryzae,
903 1614 1189 1670 raucedines‚
1245 1614 1415 1677 capitis

112 1687 405 1748 gravedines,
445 1687 649 1734 intensus
695 1704 924 1750 genarum
966 1688 1125 1745 rubor,
1169 1687 1414 1750 copiosior,

113 1776 257 1824 quam
279 1775 430 1818 antea,
468 1761 650 1808 narium
677 1761 948 1817 humiditas,
978 1759 1242 1824 cujusmodi
1268 1760 1413 1808 affec-

115 1847 191 1880 tus
219 1835 276 1880 ad
302 1852 404 1881 eam
430 1835 638 1881 maxime
676 1848 865 1880 aetatem
890 1835 1144 1897 pertinent.
1215 1836 1296 1881 An
1322 1851 1414 1882 non

113 1922 227 1969 ergo
248 1907 483 1970 Epistasis,
523 1922 630 1969 quae
657 1906 864 1952 fimiliter
905 1907 949 1952 in
975 1906 1216 1953 nonnullis
1241 1906 1415 1969 Hepa-

114 1981 172 2027 tis
199 1981 394 2037 morbiS,
440 1984 484 2028 in
514 1979 715 2027 thoracis
742 1980 975 2043 Hidrope,
1017 1993 1064 2026 et
1102 1994 1289 2027 tumore
1327 1981 1415 2027 ali-

116 2070 212 2116 quo
235 2052 604 2108 aneurismatico,
627 2054 774 2117 fitque
796 2052 1048 2116 aliquando
1069 2054 1115 2099 in
1138 2053 1414 2111 Pleuritidc‚

119 2141 144 2170 a
171 2127 503 2187 compreffione
529 2140 664 2171 venae
695 2125 946 2171 subclaviae
987 2138 1178 2189 propter
1216 2126 1416 2190 pectoris

119 2198 396 2261 angustiam,
442 2212 490 2245 et
527 2199 827 2261 pulmonum,
868 2198 1100 2261 superiora
1134 2196 1287 2245 versus
1319 2200 1416 2247 ele-

123 2273 322 2328 vatione,
360 2272 490 2336 quod
515 2272 654 2319 multi
684 2271 926 2318 scribunt?
965 2272 1092 2319 Mihi
1112 2273 1307 2338 quidem
1331 2291 1415 2321 ve·

125 2363 176 2394 ro
197 2347 389 2393 fimilius
411 2348 489 2404 est,
511 2364 601 2394 non
624 2348 782 2394 debite
802 2347 1100 2393 evenientem
1119 2347 1164 2393 in
1185 2347 1283 2410 ejus
1304 2365 1414 2396 cen-

121 2422 191 2469 sus
219 2422 411 2478 morbis,
434 2423 663 2486 pulmone
684 2421 1221 2484 dephlogisticationem‚
1240 2435 1286 2469 et
1304 2440 1415 2470 auc-

118 2510 216 2542 tam
240 2495 492 2543 universim
518 2494 726 2558 corporis
764 2496 1263 2552 inllammabilitatem‚
1311 2495 1414 2544 san-

122 2571 314 2633 guineas
362 2567 535 2617 alicubi
589 2571 816 2618 fluxiones
864 2584 1097 2635 perpetuo
1140 2588 1378 2634 procreare
1402 2592 1414 2621 :

125 2660 418 2708 quamquam
465 2644 635 2692 locales
682 2643 904 2706 quaedam
951 2644 1323 2702 circumstantiae‚
1370 2659 1417 2693 et

691 2719 742 2765 N
783 2733 808 2764 2
1248 2719 1415 2771 debili-
