1871 3211
352 263 1125 314 „SANORUNL
1335 243 1412 332 ‘63

119 393 306 466 singulis
322 399 488 447 diebus
513 399 683 446 libram
706 397 895 446 circiter
920 397 1075 447 minus
1098 400 1284 462 vaporis
1310 419 1415 450 cor-

115 491 228 541 pore
258 473 408 531 fundi,
451 487 498 520 et
540 491 596 521 ex
635 474 718 520 illo
761 473 819 519 ad
849 474 1036 521 vernale
1081 474 1419 537 aequinoffium

116 549 459 611 expeditiorem
513 547 711 612 jamque
771 548 1154 612 evaporationem
1220 550 1419 596 moveri.

114 622 211 671 Eos
237 635 414 680 tamen,
457 622 540 686 qui
564 620 659 668 sola
682 620 1026 685 perspirationis
1067 621 1247 668 ratione
1290 621 1420 668 duffi

116 701 176 749 fic
203 701 441 766 judicant,
491 701 674 749 tametsl
716 701 885 761 multa,
928 717 1021 748 non
1058 701 1221 748 omnia
1263 713 1422 748 tamen

116 775 326 824 consulto
372 775 539 823 vidiffe
585 775 815 823 existimo.
890 776 1066 822 Praeter
1107 775 1233 821 enim
1277 791 1422 838 quam

115 851 246 914 quod
272 851 422 915 ipsum
447 850 790 915 perspirationis
828 866 947 914 opus
973 849 1264 895 indefinitam
1292 847 1421 895 caus-

115 924 270 972 sarum
291 939 337 973 et
362 924 619 972 effecmum
646 923 997 972 consensionem
1022 936 1205 986 arguat,
1242 936 1296 970 ut
1315 940 1424 986 per-

115 998 310 1045 difficile
346 999 401 1046 s1t
437 1000 590 1046 multa
627 1000 675 1045 in
701 998 965 1045 universum
993 996 1051 1043 de
1077 995 1175 1060 ejus
1200 1011 1309 1060 erga
1334 997 1422 1044 Vi-

117 1079 212 1114 tam
262 1066 486 1129 potestate
535 1066 710 1129 eloqui,
757 1066 908 1111 multa
948 1080 1140 1128 quoque
1195 1064 1252 1109 ad
1299 1079 1422 1122 eam,

117 1139 246 1203 quasi
273 1140 319 1186 in
345 1155 654 1186 communem
678 1139 840 1186 locum
868 1137 1040 1201 rejecta
1076 1135 1180 1182 sunt
1204 1153 1229 1182 a
1256 1137 1425 1183 Medi-

119 1213 202 1271 cis,
241 1230 348 1276 quae
392 1213 697 1275 castigatione
738 1212 941 1261 aliorum
972 1210 1214 1266 industria,
1257 1211 1428 1259 merito

117 1285 359 1348 repudiata
382 1282 671 1331 ceciderunt.
747 1285 927 1330 Verum
946 1283 1075 1329 enim
1096 1281 1126 1328 ii
1146 1281 1242 1329 fere
1261 1299 1428 1332 omnes

115 1371 346 1422 perpetuo
365 1369 649 1412 erraverunt,
669 1356 752 1420 qui
779 1357 826 1403 in
843 1356 1061 1404 ditiffima
1080 1357 1353 1414 effecmum,
1379 1371 1428 1405 et

120 1424 479 1473 consenfionum
504 1425 631 1471 Vitae
650 1423 1012 1487 investigatione
1031 1438 1191 1469 earum
1219 1423 1427 1487 aliquam

120 1497 412 1563 singulariter
446 1496 653 1561 amplexi
704 1492 825 1555 sunt,
871 1485 1136 1562 posthabita
1183 1511 1428 1562 propterea

123 1585 397 1621 caeterarum
427 1570 815 1619 consideratione.

528 1800 568 1848 C
639 1802 688 1848 A
759 1801 816 1850 P.
933 1799 1029 1848 VI.

125 1936 197 1985 De
231 1934 348 1981 diffm
389 1928 534 1982 Plinio
584 1933 764 1995 Scanfili
796 1932 992 1979 Occidam
1034 1932 1256 1979 Annorum
1293 1931 1429 1995 Lege,

498 2007 716 2055 Chaldaeis
744 2006 1062 2054 Climablerica.

134 2161 176 2193 ι.
350 2142 398 2189 Τ
436 2139 549 2187 alios
574 2140 768 2204 quidem
810 2137 1083 2202 interposito
1118 2152 1248 2187 certo
1285 2155 1434 2188 anno*

203 2149 333 2272 A
370 2230 474 2262 rum
501 2213 748 2261 intervallo
774 2211 1028 2260 consimilis
1053 2211 1204 2260 rursus
1237 2214 1433 2262 morbus

130 2287 345 2351 corripit,
391 2304 652 2351 eorumque
675 2300 895 2349 tempora
928 2303 1022 2332 non
1067 2286 1234 2334 eadem
1258 2288 1436 2350 pariter

130 2362 343 2412 omnium
354 2361 601 2408 hominum
617 2360 737 2408 sunt,
758 2359 922 2423 Hujus
936 2359 1030 2406 loci
1055 2359 1138 2416 est,
1155 2375 1300 2423 quam
1319 2358 1435 2406 alibi

130 2436 529 2495 memoravimuS,
556 2435 1015 2491 Cliina&ericorum‚
1037 2433 1130 2480 five
1155 2433 1438 2480 schalarium

135 2528 364 2560 annorum
399 2510 628 2570 doctrina,
671 2527 817 2574 quam
860 2526 916 2555 ex
941 2507 1278 2555 Chaldaeorum
1306 2506 1436 2555 insti-

134 2589 247 2636 tutis
260 2589 548 2651 Pythagoras
565 2587 752 2635 hauiiffe
770 2585 962 2641 dicitur,
978 2597 1025 2632 et
1045 2601 1101 2632 ex
1120 2581 1217 2646 ejus
1232 2594 1369 2630 aetate
1390 2581 1437 2628 in

136 2663 445 2713 Medicorum
484 2662 651 2711 scholis
691 2661 954 2723 antiquitus
993 2658 1039 2706 in
1071 2658 1248 2706 honore
1284 2653 1435 2703 fuiffe.

1311 2728 1436 2775 Eam
