<?xml version="1.0" encoding="UTF-8"?>
<!DOCTYPE html PUBLIC "-//W3C//DTD XHTML 1.0 Transitional//EN"
    "http://www.w3.org/TR/xhtml1/DTD/xhtml1-transitional.dtd">
<html xmlns="http://www.w3.org/1999/xhtml" xml:lang="en" lang="en">
 <head>
  <title>
</title>
<meta http-equiv="Content-Type" content="text/html;charset=utf-8" />
  <meta name='ocr-system' content='tesseract 3.04.00' />
  <meta name='ocr-capabilities' content='ocr_page ocr_carea ocr_par ocr_line ocrx_word'/>
</head>
<body>
  <div class='ocr_page' id='page_1' title='image "./devitalibusperio02testuoft_0223.png"; bbox 0 0 1871 3211; ppageno 0'>
   <div class='ocr_carea' id='block_1_1' title="bbox 443 319 1440 382">
    <p class='ocr_par' dir='ltr' id='par_1_1' title="bbox 443 319 1440 382">
     <span class='ocr_line' id='line_1_1' title="bbox 443 319 1440 382; baseline -0.005 -13"><span class='ocrx_word' id='word_1_1' title='bbox 443 319 1140 369; x_wconf 81' lang='lat' dir='ltr'><strong>CAUss1S.</strong></span> <span class='ocrx_word' id='word_1_2' title='bbox 1346 331 1440 382; x_wconf 86' lang='lat'><strong>209</strong></span> 
     </span>
    </p>
   </div>
   <div class='ocr_carea' id='block_1_2' title="bbox 124 450 1437 1402">
    <p class='ocr_par' dir='ltr' id='par_1_2' title="bbox 124 450 1437 1402">
     <span class='ocr_line' id='line_1_2' title="bbox 148 450 1437 516; baseline -0.001 -18"><span class='ocrx_word' id='word_1_3' title='bbox 148 451 262 500; x_wconf 82' lang='lat' dir='ltr'><strong>illac</strong></span> <span class='ocrx_word' id='word_1_4' title='bbox 303 452 454 500; x_wconf 88' lang='lat' dir='ltr'><strong>omnis</strong></span> <span class='ocrx_word' id='word_1_5' title='bbox 481 453 692 509; x_wconf 85' lang='lat' dir='ltr'><strong>confluit,</strong></span> <span class='ocrx_word' id='word_1_6' title='bbox 737 469 832 516; x_wconf 82' lang='lat' dir='ltr'><strong>quo</strong></span> <span class='ocrx_word' id='word_1_7' title='bbox 859 464 1133 499; x_wconf 74' lang='lat' dir='ltr'><strong>caeterorum</strong></span> <span class='ocrx_word' id='word_1_8' title='bbox 1161 450 1437 498; x_wconf 84' lang='lat' dir='ltr'><strong>animalium</strong></span> 
     </span>
     <span class='ocr_line' id='line_1_3' title="bbox 146 527 1435 592; baseline -0.002 -17"><span class='ocrx_word' id='word_1_9' title='bbox 146 527 310 576; x_wconf 87' lang='lat' dir='ltr'><strong>salium</strong></span> <span class='ocrx_word' id='word_1_10' title='bbox 337 545 442 592; x_wconf 87' lang='lat' dir='ltr'><strong>pars</strong></span> <span class='ocrx_word' id='word_1_11' title='bbox 472 529 696 584; x_wconf 86' lang='lat' dir='ltr'><strong>maxima,</strong></span> <span class='ocrx_word' id='word_1_12' title='bbox 739 542 928 591; x_wconf 84' lang='lat' dir='ltr'><strong>propter</strong></span> <span class='ocrx_word' id='word_1_13' title='bbox 952 543 1113 574; x_wconf 85' lang='lat' dir='ltr'><strong>eorum</strong></span> <span class='ocrx_word' id='word_1_14' title='bbox 1148 541 1256 570; x_wconf 85' lang='lat' dir='ltr'><strong>cum</strong></span> <span class='ocrx_word' id='word_1_15' title='bbox 1285 541 1435 587; x_wconf 83' lang='lat' dir='ltr'><strong>aqueo</strong></span> 
     </span>
     <span class='ocr_line' id='line_1_4' title="bbox 140 602 1435 665; baseline -0.003 -17"><span class='ocrx_word' id='word_1_16' title='bbox 140 602 376 665; x_wconf 89' lang='lat' dir='ltr'><strong>principio</strong></span> <span class='ocrx_word' id='word_1_17' title='bbox 402 602 689 657; x_wconf 86' lang='lat' dir='ltr'><strong>affinitatem,</strong></span> <span class='ocrx_word' id='word_1_18' title='bbox 719 603 887 657; x_wconf 87' lang='lat' dir='ltr'><strong>tendit,</strong></span> <span class='ocrx_word' id='word_1_19' title='bbox 932 617 1059 647; x_wconf 77' lang='lat' dir='ltr'><strong>renes</strong></span> <span class='ocrx_word' id='word_1_20' title='bbox 1086 615 1256 660; x_wconf 85' lang='lat' dir='ltr'><strong>nempe</strong></span> <span class='ocrx_word' id='word_1_21' title='bbox 1281 611 1327 644; x_wconf 89' lang='lat' dir='ltr'><strong>et</strong></span> <span class='ocrx_word' id='word_1_22' title='bbox 1352 615 1435 645; x_wconf 87' lang='lat' dir='ltr'><strong>ve-</strong></span> 
     </span>
     <span class='ocr_line' id='line_1_5' title="bbox 136 673 1432 728; baseline -0.002 -7"><span class='ocrx_word' id='word_1_23' title='bbox 136 674 297 722; x_wconf 85' lang='lat' dir='ltr'><strong>ficam.</strong></span> <span class='ocrx_word' id='word_1_24' title='bbox 369 675 555 722; x_wconf 87' lang='lat' dir='ltr'>Exinde</span> <span class='ocrx_word' id='word_1_25' title='bbox 597 675 998 721; x_wconf 83' lang='lat' dir='ltr'><strong>rheumaticorum</strong></span> <span class='ocrx_word' id='word_1_26' title='bbox 1040 673 1311 728; x_wconf 64' lang='lat' dir='ltr'><strong>affectuum,</strong></span> <span class='ocrx_word' id='word_1_27' title='bbox 1359 688 1432 718; x_wconf 82' lang='lat' dir='ltr'><strong>ar-</strong></span> 
     </span>
     <span class='ocr_line' id='line_1_6' title="bbox 133 744 1432 812; baseline -0.002 -18"><span class='ocrx_word' id='word_1_28' title='bbox 133 747 448 805; x_wconf 89' lang='lat' dir='ltr'><strong>thriticorum,</strong></span> <span class='ocrx_word' id='word_1_29' title='bbox 487 748 864 812; x_wconf 80' lang='lat' dir='ltr'><strong>podagricorum</strong></span> <span class='ocrx_word' id='word_1_30' title='bbox 907 761 1016 791; x_wconf 88' lang='lat' dir='ltr'><strong>cum</strong></span> <span class='ocrx_word' id='word_1_31' title='bbox 1059 744 1288 791; x_wconf 83' lang='lat' dir='ltr'><strong>calculosa</strong></span> <span class='ocrx_word' id='word_1_32' title='bbox 1331 747 1432 792; x_wconf 88' lang='lat' dir='ltr'><strong>Ne-</strong></span> 
     </span>
     <span class='ocr_line' id='line_1_7' title="bbox 131 817 1431 885; baseline -0.002 -16"><span class='ocrx_word' id='word_1_33' title='bbox 131 822 353 885; x_wconf 87' lang='lat' dir='ltr'><strong>phritide‚</strong></span> <span class='ocrx_word' id='word_1_34' title='bbox 402 823 604 877; x_wconf 86' lang='lat' dir='ltr'><strong>calculo,</strong></span> <span class='ocrx_word' id='word_1_35' title='bbox 651 820 817 866; x_wconf 80' lang='lat' dir='ltr'><strong>veficae</strong></span> <span class='ocrx_word' id='word_1_36' title='bbox 864 819 1036 882; x_wconf 84' lang='lat' dir='ltr'><strong>lapide,</strong></span> <span class='ocrx_word' id='word_1_37' title='bbox 1091 817 1155 863; x_wconf 88' lang='lat' dir='ltr'><strong>sat</strong></span> <span class='ocrx_word' id='word_1_38' title='bbox 1202 818 1431 866; x_wconf 82' lang='lat' dir='ltr'><strong>confcffus</strong></span> 
     </span>
     <span class='ocr_line' id='line_1_8' title="bbox 131 891 1432 956; baseline -0.003 -14"><span class='ocrx_word' id='word_1_39' title='bbox 131 895 328 942; x_wconf 87' lang='lat' dir='ltr'><strong>Clinicis</strong></span> <span class='ocrx_word' id='word_1_40' title='bbox 377 895 596 941; x_wconf 88' lang='lat' dir='ltr'><strong>omnibus</strong></span> <span class='ocrx_word' id='word_1_41' title='bbox 641 893 902 941; x_wconf 77' lang='lat' dir='ltr'>consensus,</span> <span class='ocrx_word' id='word_1_42' title='bbox 973 891 1251 956; x_wconf 82' lang='lat' dir='ltr'>Aliquando</span> <span class='ocrx_word' id='word_1_43' title='bbox 1290 892 1432 938; x_wconf 85' lang='lat' dir='ltr'><strong>etiam</strong></span> 
     </span>
     <span class='ocr_line' id='line_1_9' title="bbox 127 964 1428 1028; baseline -0.003 -12"><span class='ocrx_word' id='word_1_44' title='bbox 127 968 178 1016; x_wconf 88' lang='lat' dir='ltr'><strong>in</strong></span> <span class='ocrx_word' id='word_1_45' title='bbox 204 969 512 1016; x_wconf 84' lang='lat' dir='ltr'><strong>intestinalem</strong></span> <span class='ocrx_word' id='word_1_46' title='bbox 560 968 747 1023; x_wconf 84' lang='lat' dir='ltr'><strong>tubum,</strong></span> <span class='ocrx_word' id='word_1_47' title='bbox 780 980 827 1013; x_wconf 91' lang='lat' dir='ltr'><strong>et</strong></span> <span class='ocrx_word' id='word_1_48' title='bbox 867 966 1184 1012; x_wconf 80' lang='lat' dir='ltr'><strong>ventriculum</strong></span> <span class='ocrx_word' id='word_1_49' title='bbox 1227 964 1428 1028; x_wconf 85' lang='lat' dir='ltr'>depluit,</span> 
     </span>
     <span class='ocr_line' id='line_1_10' title="bbox 129 1038 1428 1102; baseline 0 -14"><span class='ocrx_word' id='word_1_50' title='bbox 129 1042 253 1090; x_wconf 85' lang='lat' dir='ltr'><strong>inter</strong></span> <span class='ocrx_word' id='word_1_51' title='bbox 268 1056 433 1090; x_wconf 82' lang='lat' dir='ltr'><strong>caetera</strong></span> <span class='ocrx_word' id='word_1_52' title='bbox 461 1043 582 1091; x_wconf 80' lang='lat' dir='ltr'><strong>Vitae</strong></span> <span class='ocrx_word' id='word_1_53' title='bbox 599 1041 913 1095; x_wconf 78' lang='lat' dir='ltr'><strong>instrumenta,</strong></span> <span class='ocrx_word' id='word_1_54' title='bbox 929 1056 1037 1085; x_wconf 82' lang='lat' dir='ltr'><strong>cum</strong></span> <span class='ocrx_word' id='word_1_55' title='bbox 1060 1038 1281 1102; x_wconf 81' lang='lat' dir='ltr'><strong>ejusmodi</strong></span> <span class='ocrx_word' id='word_1_56' title='bbox 1300 1057 1428 1088; x_wconf 88' lang='lat' dir='ltr'><strong>mor-</strong></span> 
     </span>
     <span class='ocr_line' id='line_1_11' title="bbox 126 1114 1425 1177; baseline -0.001 -14"><span class='ocrx_word' id='word_1_57' title='bbox 126 1116 199 1163; x_wconf 87' lang='lat' dir='ltr'><strong>bis</strong></span> <span class='ocrx_word' id='word_1_58' title='bbox 224 1118 435 1164; x_wconf 87' lang='lat' dir='ltr'><strong>latiffime</strong></span> <span class='ocrx_word' id='word_1_59' title='bbox 463 1116 833 1164; x_wconf 81' lang='lat' dir='ltr'><strong>consentientem</strong></span> <span class='ocrx_word' id='word_1_60' title='bbox 856 1132 865 1161; x_wconf 93' lang='lat'>:</span> <span class='ocrx_word' id='word_1_61' title='bbox 909 1114 1174 1177; x_wconf 80' lang='lat' dir='ltr'><strong>exindeque</strong></span> <span class='ocrx_word' id='word_1_62' title='bbox 1199 1130 1340 1170; x_wconf 85' lang='lat' dir='ltr'><strong>acres,</strong></span> <span class='ocrx_word' id='word_1_63' title='bbox 1378 1129 1425 1162; x_wconf 86' lang='lat' dir='ltr'><strong>et</strong></span> 
     </span>
     <span class='ocr_line' id='line_1_12' title="bbox 133 1190 1420 1256; baseline -0.003 -17"><span class='ocrx_word' id='word_1_64' title='bbox 133 1193 261 1256; x_wconf 87' lang='lat' dir='ltr'><strong>quafi</strong></span> <span class='ocrx_word' id='word_1_65' title='bbox 286 1207 470 1241; x_wconf 89' lang='lat' dir='ltr'><strong>urentes</strong></span> <span class='ocrx_word' id='word_1_66' title='bbox 517 1192 769 1256; x_wconf 85' lang='lat' dir='ltr'><strong>aliquando</strong></span> <span class='ocrx_word' id='word_1_67' title='bbox 794 1191 1160 1253; x_wconf 77' lang='lat' dir='ltr'><strong>Podagricorum</strong></span> <span class='ocrx_word' id='word_1_68' title='bbox 1186 1190 1386 1236; x_wconf 83' lang='lat' dir='ltr'><strong>Vomitus</strong></span> <span class='ocrx_word' id='word_1_69' title='bbox 1409 1209 1420 1236; x_wconf 91' lang='lat'>:</span> 
     </span>
     <span class='ocr_line' id='line_1_13' title="bbox 124 1263 1421 1329; baseline -0.002 -17"><span class='ocrx_word' id='word_1_70' title='bbox 124 1263 391 1329; x_wconf 86' lang='lat' dir='ltr'><strong>cujusmodi</strong></span> <span class='ocrx_word' id='word_1_71' title='bbox 429 1284 456 1314; x_wconf 85' lang='lat' dir='ltr'><strong>a</strong></span> <span class='ocrx_word' id='word_1_72' title='bbox 495 1267 884 1314; x_wconf 85' lang='lat' dir='ltr'><strong>Zimmermanno</strong></span> <span class='ocrx_word' id='word_1_73' title='bbox 914 1267 944 1290; x_wconf 80' lang='lat'><strong>³¹</strong></span> <span class='ocrx_word' id='word_1_74' title='bbox 996 1264 1267 1328; x_wconf 79' lang='lat' dir='ltr'><strong>exemplum</strong></span> <span class='ocrx_word' id='word_1_75' title='bbox 1307 1264 1421 1310; x_wconf 88' lang='lat' dir='ltr'><strong>alle-</strong></span> 
     </span>
     <span class='ocr_line' id='line_1_14' title="bbox 125 1353 280 1402; baseline 0.013 -16"><span class='ocrx_word' id='word_1_76' title='bbox 125 1353 280 1402; x_wconf 86' lang='lat' dir='ltr'><strong>gatur.</strong></span> 
     </span>
    </p>
   </div>
   <div class='ocr_carea' id='block_1_3' title="bbox 119 1483 1418 1917">
    <p class='ocr_par' dir='ltr' id='par_1_3' title="bbox 119 1483 1418 1917">
     <span class='ocr_line' id='line_1_15' title="bbox 195 1483 1415 1552; baseline -0.003 -19"><span class='ocrx_word' id='word_1_77' title='bbox 195 1501 276 1548; x_wconf 86' lang='lat'><strong>57.</strong></span> <span class='ocrx_word' id='word_1_78' title='bbox 300 1489 500 1544; x_wconf 87' lang='lat' dir='ltr'><strong>Verum,</strong></span> <span class='ocrx_word' id='word_1_79' title='bbox 527 1487 559 1533; x_wconf 86' lang='lat' dir='ltr'>fi</span> <span class='ocrx_word' id='word_1_80' title='bbox 585 1505 677 1552; x_wconf 87' lang='lat' dir='ltr'><strong>qua</strong></span> <span class='ocrx_word' id='word_1_81' title='bbox 702 1487 925 1551; x_wconf 85' lang='lat' dir='ltr'><strong>ejusmodi</strong></span> <span class='ocrx_word' id='word_1_82' title='bbox 950 1487 1083 1535; x_wconf 55' lang='lat' dir='ltr'><strong>offere</strong></span> <span class='ocrx_word' id='word_1_83' title='bbox 1108 1483 1415 1532; x_wconf 84' lang='lat' dir='ltr'><strong>absorbtionis</strong></span> 
     </span>
     <span class='ocr_line' id='line_1_16' title="bbox 123 1558 1418 1620; baseline -0.002 -14"><span class='ocrx_word' id='word_1_84' title='bbox 123 1558 354 1607; x_wconf 82' lang='lat' dir='ltr'><strong>aberratio</strong></span> <span class='ocrx_word' id='word_1_85' title='bbox 380 1562 480 1619; x_wconf 87' lang='lat' dir='ltr'><strong>fiat,</strong></span> <span class='ocrx_word' id='word_1_86' title='bbox 519 1561 628 1608; x_wconf 90' lang='lat' dir='ltr'><strong>inde</strong></span> <span class='ocrx_word' id='word_1_87' title='bbox 655 1579 745 1608; x_wconf 86' lang='lat' dir='ltr'><strong>non</strong></span> <span class='ocrx_word' id='word_1_88' title='bbox 783 1563 827 1608; x_wconf 86' lang='lat' dir='ltr'><strong>in</strong></span> <span class='ocrx_word' id='word_1_89' title='bbox 853 1562 969 1609; x_wconf 83' lang='lat' dir='ltr'><strong>vafis</strong></span> <span class='ocrx_word' id='word_1_90' title='bbox 996 1575 1193 1615; x_wconf 79' lang='lat' dir='ltr'><strong>tantum,</strong></span> <span class='ocrx_word' id='word_1_91' title='bbox 1234 1558 1308 1604; x_wconf 79' lang='lat' dir='ltr'><strong>sed</strong></span> <span class='ocrx_word' id='word_1_92' title='bbox 1334 1574 1418 1620; x_wconf 83' lang='lat' dir='ltr'><strong>per</strong></span> 
     </span>
     <span class='ocr_line' id='line_1_17' title="bbox 119 1631 1413 1697; baseline -0.004 -17"><span class='ocrx_word' id='word_1_93' title='bbox 119 1648 261 1680; x_wconf 89' lang='lat' dir='ltr'><strong>omne</strong></span> <span class='ocrx_word' id='word_1_94' title='bbox 311 1635 647 1697; x_wconf 84' lang='lat' dir='ltr'><strong>ampliffimum</strong></span> <span class='ocrx_word' id='word_1_95' title='bbox 697 1635 928 1681; x_wconf 82' lang='lat' dir='ltr'><strong>cellularis</strong></span> <span class='ocrx_word' id='word_1_96' title='bbox 995 1635 1099 1680; x_wconf 70' lang='lat' dir='ltr'><strong>telae</strong></span> <span class='ocrx_word' id='word_1_97' title='bbox 1146 1631 1413 1694; x_wconf 80' lang='lat' dir='ltr'><strong>imperium,</strong></span> 
     </span>
     <span class='ocr_line' id='line_1_18' title="bbox 121 1706 1411 1771; baseline -0.003 -17"><span class='ocrx_word' id='word_1_98' title='bbox 121 1709 435 1764; x_wconf 83' lang='lat' dir='ltr'><strong>membranas,</strong></span> <span class='ocrx_word' id='word_1_99' title='bbox 490 1709 718 1766; x_wconf 89' lang='lat' dir='ltr'><strong>tendines,</strong></span> <span class='ocrx_word' id='word_1_100' title='bbox 764 1710 1036 1771; x_wconf 77' lang='lat' dir='ltr'><strong>ligamenta,</strong></span> <span class='ocrx_word' id='word_1_101' title='bbox 1084 1706 1411 1754; x_wconf 67' lang='lat' dir='ltr'><strong>offificationes</strong></span> 
     </span>
     <span class='ocr_line' id='line_1_19' title="bbox 121 1779 1413 1845; baseline -0.002 -19"><span class='ocrx_word' id='word_1_102' title='bbox 121 1780 257 1836; x_wconf 89' lang='lat' dir='ltr'><strong>fiunt,</strong></span> <span class='ocrx_word' id='word_1_103' title='bbox 285 1795 385 1828; x_wconf 89' lang='lat' dir='ltr'><strong>tum</strong></span> <span class='ocrx_word' id='word_1_104' title='bbox 424 1781 543 1828; x_wconf 83' lang='lat' dir='ltr'><strong>inter</strong></span> <span class='ocrx_word' id='word_1_105' title='bbox 575 1780 902 1845; x_wconf 64' lang='lat' dir='ltr'><strong>juncmrarum</strong></span> <span class='ocrx_word' id='word_1_106' title='bbox 927 1795 1149 1835; x_wconf 81' lang='lat' dir='ltr'><strong>extrema,</strong></span> <span class='ocrx_word' id='word_1_107' title='bbox 1190 1779 1314 1825; x_wconf 85' lang='lat' dir='ltr'><strong>unde</strong></span> <span class='ocrx_word' id='word_1_108' title='bbox 1339 1795 1413 1825; x_wconf 84' lang='lat' dir='ltr'><strong>ar-</strong></span> 
     </span>
     <span class='ocr_line' id='line_1_20' title="bbox 122 1853 1278 1917; baseline -0.002 -16"><span class='ocrx_word' id='word_1_109' title='bbox 122 1867 259 1902; x_wconf 86' lang='lat' dir='ltr'><strong>tuum</strong></span> <span class='ocrx_word' id='word_1_110' title='bbox 286 1855 541 1910; x_wconf 85' lang='lat' dir='ltr'><strong>mobilitas,</strong></span> <span class='ocrx_word' id='word_1_111' title='bbox 568 1872 792 1917; x_wconf 83' lang='lat' dir='ltr'><strong>magnam</strong></span> <span class='ocrx_word' id='word_1_112' title='bbox 817 1869 998 1917; x_wconf 83' lang='lat' dir='ltr'><strong>partem</strong></span> <span class='ocrx_word' id='word_1_113' title='bbox 1026 1853 1278 1899; x_wconf 86' lang='lat' dir='ltr'><strong>intercidit.</strong></span> 
     </span>
    </p>
   </div>
   <div class='ocr_carea' id='block_1_4' title="bbox 111 2001 1407 2665">
    <p class='ocr_par' dir='ltr' id='par_1_4' title="bbox 111 2001 1407 2665">
     <span class='ocr_line' id='line_1_21' title="bbox 190 2001 1407 2068; baseline -0.002 -18"><span class='ocrx_word' id='word_1_114' title='bbox 190 2006 270 2068; x_wconf 79' lang='lat'><strong>58.</strong></span> <span class='ocrx_word' id='word_1_115' title='bbox 299 2002 390 2049; x_wconf 89' lang='lat' dir='ltr'><strong>Sed</strong></span> <span class='ocrx_word' id='word_1_116' title='bbox 408 2017 574 2065; x_wconf 85' lang='lat' dir='ltr'><strong>praeter</strong></span> <span class='ocrx_word' id='word_1_117' title='bbox 592 2003 846 2059; x_wconf 87' lang='lat' dir='ltr'><strong>interiores,</strong></span> <span class='ocrx_word' id='word_1_118' title='bbox 868 2001 1281 2066; x_wconf 82' lang='lat' dir='ltr'><strong>profundioresque</strong></span> <span class='ocrx_word' id='word_1_119' title='bbox 1302 2001 1407 2047; x_wconf 85' lang='lat' dir='ltr'><strong>uni-</strong></span> 
     </span>
     <span class='ocr_line' id='line_1_22' title="bbox 113 2075 1407 2140; baseline -0.003 -15"><span class='ocrx_word' id='word_1_120' title='bbox 113 2077 300 2132; x_wconf 74' lang='lat' dir='ltr'><strong>versun,</strong></span> <span class='ocrx_word' id='word_1_121' title='bbox 314 2076 517 2138; x_wconf 89' lang='lat' dir='ltr'><strong>corporis</strong></span> <span class='ocrx_word' id='word_1_122' title='bbox 531 2092 699 2139; x_wconf 85' lang='lat' dir='ltr'><strong>partes,</strong></span> <span class='ocrx_word' id='word_1_123' title='bbox 713 2094 826 2140; x_wconf 87' lang='lat' dir='ltr'><strong>quas</strong></span> <span class='ocrx_word' id='word_1_124' title='bbox 839 2078 959 2123; x_wconf 84' lang='lat' dir='ltr'><strong>intus</strong></span> <span class='ocrx_word' id='word_1_125' title='bbox 972 2076 1169 2138; x_wconf 84' lang='lat' dir='ltr'><strong>sumpta,</strong></span> <span class='ocrx_word' id='word_1_126' title='bbox 1181 2088 1226 2120; x_wconf 85' lang='lat' dir='ltr'><strong>et</strong></span> <span class='ocrx_word' id='word_1_127' title='bbox 1237 2075 1407 2122; x_wconf 82' lang='lat' dir='ltr'><strong>reflexa</strong></span> 
     </span>
     <span class='ocr_line' id='line_1_23' title="bbox 114 2149 1405 2213; baseline -0.002 -16"><span class='ocrx_word' id='word_1_128' title='bbox 114 2149 350 2213; x_wconf 84' lang='lat' dir='ltr'><strong>Mephitis</strong></span> <span class='ocrx_word' id='word_1_129' title='bbox 385 2165 477 2195; x_wconf 90' lang='lat' dir='ltr'><strong>non</strong></span> <span class='ocrx_word' id='word_1_130' title='bbox 501 2167 591 2196; x_wconf 83' lang='lat' dir='ltr'><strong>una</strong></span> <span class='ocrx_word' id='word_1_131' title='bbox 618 2151 787 2213; x_wconf 80' lang='lat' dir='ltr'><strong>agendi</strong></span> <span class='ocrx_word' id='word_1_132' title='bbox 814 2151 887 2196; x_wconf 88' lang='lat' dir='ltr'><strong>via</strong></span> <span class='ocrx_word' id='word_1_133' title='bbox 911 2149 1089 2211; x_wconf 76' lang='lat' dir='ltr'><strong>fatigat,</strong></span> <span class='ocrx_word' id='word_1_134' title='bbox 1129 2161 1405 2195; x_wconf 80' lang='lat' dir='ltr'><strong>caeterorum</strong></span> 
     </span>
     <span class='ocr_line' id='line_1_24' title="bbox 117 2221 1402 2288; baseline -0.002 -16"><span class='ocrx_word' id='word_1_135' title='bbox 117 2223 473 2288; x_wconf 72' lang='lat' dir='ltr'><strong>frequentissimi</strong></span> <span class='ocrx_word' id='word_1_136' title='bbox 501 2225 718 2287; x_wconf 82' lang='lat' dir='ltr'><strong>appulsus</strong></span> <span class='ocrx_word' id='word_1_137' title='bbox 745 2227 800 2271; x_wconf 88' lang='lat' dir='ltr'><strong>ad</strong></span> <span class='ocrx_word' id='word_1_138' title='bbox 825 2239 1030 2271; x_wconf 83' lang='lat' dir='ltr'><strong>extrema</strong></span> <span class='ocrx_word' id='word_1_139' title='bbox 1055 2221 1260 2284; x_wconf 82' lang='lat' dir='ltr'><strong>corporis</strong></span> <span class='ocrx_word' id='word_1_140' title='bbox 1285 2239 1402 2269; x_wconf 91' lang='lat' dir='ltr'><strong>con-</strong></span> 
     </span>
     <span class='ocr_line' id='line_1_25' title="bbox 116 2296 1402 2361; baseline -0.002 -16"><span class='ocrx_word' id='word_1_141' title='bbox 116 2299 345 2346; x_wconf 80' lang='lat' dir='ltr'><strong>citantur:</strong></span> <span class='ocrx_word' id='word_1_142' title='bbox 364 2314 565 2361; x_wconf 84' lang='lat' dir='ltr'><strong>quorum</strong></span> <span class='ocrx_word' id='word_1_143' title='bbox 579 2299 698 2345; x_wconf 80' lang='lat' dir='ltr'><strong>ratio</strong></span> <span class='ocrx_word' id='word_1_144' title='bbox 717 2299 918 2345; x_wconf 86' lang='lat' dir='ltr'><strong>multum</strong></span> <span class='ocrx_word' id='word_1_145' title='bbox 937 2298 1087 2344; x_wconf 80' lang='lat' dir='ltr'><strong>adhuc</strong></span> <span class='ocrx_word' id='word_1_146' title='bbox 1106 2297 1149 2342; x_wconf 89' lang='lat' dir='ltr'><strong>in</strong></span> <span class='ocrx_word' id='word_1_147' title='bbox 1165 2296 1402 2358; x_wconf 81' lang='lat' dir='ltr'><strong>profundo</strong></span> 
     </span>
     <span class='ocr_line' id='line_1_26' title="bbox 111 2370 1398 2434; baseline -0.002 -15"><span class='ocrx_word' id='word_1_148' title='bbox 111 2373 242 2424; x_wconf 87' lang='lat' dir='ltr'><strong>latet.</strong></span> <span class='ocrx_word' id='word_1_149' title='bbox 281 2376 355 2419; x_wconf 91' lang='lat' dir='ltr'><strong>An</strong></span> <span class='ocrx_word' id='word_1_150' title='bbox 381 2374 511 2434; x_wconf 90' lang='lat' dir='ltr'><strong>quod</strong></span> <span class='ocrx_word' id='word_1_151' title='bbox 542 2389 598 2419; x_wconf 83' lang='lat' dir='ltr'><strong>ex</strong></span> <span class='ocrx_word' id='word_1_152' title='bbox 623 2373 847 2420; x_wconf 74' lang='lat' dir='ltr'><strong>consimili</strong></span> <span class='ocrx_word' id='word_1_153' title='bbox 876 2372 1091 2418; x_wconf 85' lang='lat' dir='ltr'><strong>animalis</strong></span> <span class='ocrx_word' id='word_1_154' title='bbox 1115 2370 1293 2426; x_wconf 85' lang='lat' dir='ltr'><strong>caloris,</strong></span> <span class='ocrx_word' id='word_1_155' title='bbox 1327 2382 1398 2416; x_wconf 87' lang='lat' dir='ltr'><strong>at-</strong></span> 
     </span>
     <span class='ocr_line' id='line_1_27' title="bbox 113 2446 1400 2510; baseline -0.001 -18"><span class='ocrx_word' id='word_1_156' title='bbox 113 2446 416 2510; x_wconf 63' lang='lat' dir='ltr'><strong>queelechici</strong></span> <span class='ocrx_word' id='word_1_157' title='bbox 435 2447 828 2501; x_wconf 85' lang='lat' dir='ltr'><strong>fluiditendentia‚</strong></span> <span class='ocrx_word' id='word_1_158' title='bbox 847 2447 902 2492; x_wconf 91' lang='lat' dir='ltr'><strong>ad</strong></span> <span class='ocrx_word' id='word_1_159' title='bbox 920 2461 1170 2508; x_wconf 78' lang='lat' dir='ltr'><strong>corporum</strong></span> <span class='ocrx_word' id='word_1_160' title='bbox 1188 2460 1241 2490; x_wconf 79' lang='lat' dir='ltr'><strong>ex</strong></span> <span class='ocrx_word' id='word_1_161' title='bbox 1254 2458 1400 2491; x_wconf 84' lang='lat' dir='ltr'><strong>trema</strong></span> 
     </span>
     <span class='ocr_line' id='line_1_28' title="bbox 113 2520 1397 2585; baseline -0.003 -15"><span class='ocrx_word' id='word_1_162' title='bbox 113 2521 241 2570; x_wconf 83' lang='lat' dir='ltr'><strong>illius</strong></span> <span class='ocrx_word' id='word_1_163' title='bbox 260 2520 470 2569; x_wconf 75' lang='lat' dir='ltr'><strong>similiter</strong></span> <span class='ocrx_word' id='word_1_164' title='bbox 488 2523 691 2585; x_wconf 87' lang='lat' dir='ltr'><strong>impetus</strong></span> <span class='ocrx_word' id='word_1_165' title='bbox 711 2522 850 2568; x_wconf 88' lang='lat' dir='ltr'><strong>fiant?</strong></span> <span class='ocrx_word' id='word_1_166' title='bbox 878 2523 1187 2584; x_wconf 80' lang='lat' dir='ltr'><strong>Qamquam</strong></span> <span class='ocrx_word' id='word_1_167' title='bbox 1206 2536 1286 2566; x_wconf 75' lang='lat' dir='ltr'><strong>cur</strong></span> <span class='ocrx_word' id='word_1_168' title='bbox 1305 2536 1397 2566; x_wconf 85' lang='lat' dir='ltr'><strong>non</strong></span> 
     </span>
     <span class='ocr_line' id='line_1_29' title="bbox 114 2595 1397 2665; baseline -0.002 -21"><span class='ocrx_word' id='word_1_169' title='bbox 114 2612 199 2665; x_wconf 85' lang='lat' dir='ltr'><strong>per</strong></span> <span class='ocrx_word' id='word_1_170' title='bbox 221 2611 412 2643; x_wconf 90' lang='lat' dir='ltr'><strong>omnem</strong></span> <span class='ocrx_word' id='word_1_171' title='bbox 434 2597 600 2653; x_wconf 86' lang='lat' dir='ltr'><strong>vitam,</strong></span> <span class='ocrx_word' id='word_1_172' title='bbox 628 2597 703 2643; x_wconf 88' lang='lat' dir='ltr'><strong>sed</strong></span> <span class='ocrx_word' id='word_1_173' title='bbox 722 2596 965 2645; x_wconf 64' lang='lat' dir='ltr'><strong>Senectute</strong></span> <span class='ocrx_word' id='word_1_174' title='bbox 983 2595 1272 2659; x_wconf 78' lang='lat' dir='ltr'><strong>potiffimurn</strong></span> <span class='ocrx_word' id='word_1_175' title='bbox 1291 2610 1397 2642; x_wconf 87' lang='lat' dir='ltr'><strong>ver-</strong></span> 
     </span>
    </p>
   </div>
   <div class='ocr_carea' id='block_1_5' title="bbox 146 2783 1396 2905">
    <p class='ocr_par' dir='ltr' id='par_1_5' title="bbox 146 2783 1396 2905">
     <span class='ocr_line' id='line_1_30' title="bbox 440 2783 1055 2837; baseline 0.003 -16"><span class='ocrx_word' id='word_1_176' title='bbox 440 2786 474 2810; x_wconf 75' lang='lat'><strong>31</strong></span> <span class='ocrx_word' id='word_1_177' title='bbox 503 2784 563 2823; x_wconf 86' lang='lat' dir='ltr'><strong>De</strong></span> <span class='ocrx_word' id='word_1_178' title='bbox 579 2783 695 2837; x_wconf 81' lang='lat' dir='ltr'><strong>l’Obs.</strong></span> <span class='ocrx_word' id='word_1_179' title='bbox 713 2783 761 2821; x_wconf 87' lang='lat' dir='ltr'><strong>du</strong></span> <span class='ocrx_word' id='word_1_180' title='bbox 778 2783 885 2835; x_wconf 81' lang='lat' dir='ltr'><strong>Corps</strong></span> <span class='ocrx_word' id='word_1_181' title='bbox 903 2784 971 2836; x_wconf 83' lang='lat' dir='ltr'><strong>Op.</strong></span> <span class='ocrx_word' id='word_1_182' title='bbox 991 2786 1055 2824; x_wconf 71' lang='lat' dir='ltr'><strong>cit.-</strong></span> 
     </span>
     <span class='ocr_line' id='line_1_31' title="bbox 146 2841 1396 2905; baseline -0.002 -14"><span class='ocrx_word' id='word_1_183' title='bbox 146 2841 270 2891; x_wconf 64' lang='lat' dir='ltr'><strong>Von.</strong></span> <span class='ocrx_word' id='word_1_184' title='bbox 313 2843 380 2895; x_wconf 88' lang='grc' dir='ltr'><strong>ΙΙ.</strong></span> <span class='ocrx_word' id='word_1_185' title='bbox 800 2845 840 2892; x_wconf 89' lang='lat' dir='ltr'>P</span> <span class='ocrx_word' id='word_1_186' title='bbox 1241 2851 1396 2905; x_wconf 79' lang='lat' dir='ltr'><strong>gente,</strong></span> 
     </span>
    </p>
   </div>
  </div>
 </body>
</html>
