1871 3211
444 249 535 281 112
687 236 803 284 DE
862 238 1494 290 VlT.PERIOD.

439 367 657 431 sequitur,
686 369 976 432 nimbosique
1002 370 1115 417 aeris
1134 375 1353 434 procellae
1378 374 1459 421 sub
1485 374 1553 422 his
1579 377 1732 441 saepis-

440 444 552 492 sime
575 443 698 489 horis
733 444 972 500 invadunt,
1012 457 1064 490 ut
1103 445 1284 494 summa
1325 461 1570 511 propterea
1605 453 1730 500 elec-

436 516 650 562 tricitatis
696 517 911 579 potestas,
967 517 1065 580 ejus
1119 520 1330 581 proxime
1372 523 1594 586 temporis
1641 527 1735 574 effe

436 590 665 637 videatur.
737 592 829 637 Sed
854 605 900 639 et
935 591 1146 647 aedificia‚
1181 592 1293 639 licet
1330 593 1608 643 solidissimis
1633 615 1729 646 cae-

435 664 605 710 mentis
641 665 848 711 extructa
891 663 1062 728 absque
1103 665 1202 712 ullo
1247 666 1365 729 saepe
1406 681 1565 722 vento,
1606 669 1732 717 coelo

434 736 548 783 sudo
572 750 617 782 et
640 735 909 793 fervidiore,
943 738 1224 801 plerumque
1258 755 1339 802 per
1356 739 1566 785 meridiei
1594 740 1730 788 horas

437 824 625 872 repente
651 824 901 857 corruunt:
939 827 1045 873 quae
1074 811 1430 873 ingeniosissima
1454 813 1730 862 Boerhaavii

436 884 699 930 observatio
724 882 787 928 est
807 885 858 930 ¹⁰.

510 1047 585 1092 19.
619 1030 714 1076 Vix
735 1029 879 1092 igitur
898 1031 1090 1087 mirum,
1108 1031 1138 1078 s1
1158 1031 1410 1096 postremas
1431 1035 1730 1083 morientium

434 1104 788 1150 lamentationes
829 1104 947 1167 saepe
989 1104 1037 1150 id
1079 1118 1267 1167 tempus
1314 1104 1534 1168 excipiat,
1570 1108 1646 1154 vel
1695 1108 1728 1155 fi

434 1178 696 1225 deterrimae
723 1195 778 1224 eo
805 1178 1015 1241 proxime
1044 1192 1266 1242 vergente
1305 1179 1583 1229 morborum
1610 1197 1728 1231 con-

434 1252 662 1303 versiones
703 1253 932 1299 accidant.
1025 1252 1141 1316 Ejus
1185 1265 1310 1299 certe
1349 1253 1419 1300 vis
1458 1253 1503 1299 in
1545 1255 1722 1303 morbis

436 1326 648 1390 proxime
673 1343 783 1373 cum
809 1327 977 1374 mediae
1003 1328 1150 1374 nostis
1176 1342 1383 1391 tempore
1404 1328 1598 1376 conferri
1623 1347 1749 1379 me-.

435 1414 562 1447 retur
580 1418 592 1447 ι
629 1401 688 1447 de
712 1417 805 1465 qua
827 1398 1031 1450 inferiuS.

500 1560 580 1593 20.
611 1546 785 1608 Neque
804 1543 1122 1592 ommittenda
1138 1542 1430 1606 quotidiana,
1448 1544 1723 1593 meridiana:

436 1619 776 1667 consuetudinis
813 1620 883 1665 vis
924 1617 1004 1674 est,
1040 1617 1223 1681 prandii
1262 1617 1484 1664 videlicet
1516 1617 1726 1669 sumendi

435 1694 575 1742 hora:
605 1693 664 1740 ab
690 1693 773 1739 isto
797 1708 1020 1755 namque,
1046 1692 1174 1755 quod
1200 1690 1427 1754 superiore
1452 1692 1574 1739 libro
1604 1694 1726 1740 dixi-

435 1783 557 1823 mus,
582 1783 733 1814 novus
760 1765 1045 1812 circuituum
1071 1778 1117 1811 et
1140 1765 1450 1811 secretionum
1474 1764 1590 1811 ordo
1616 1764 1725 1812 sub-

435 1840 736 1903 sequentibus
770 1839 894 1886 horis
914 1852 1143 1902 perpetuo
1169 1850 1402 1884 movetur.
1451 1836 1726 1897 Cujusmodi

436 1915 721 1963 consuetudo
755 1916 901 1976 longo
925 1927 1154 1959 annorum
1179 1910 1429 1957 intervallo
1454 1910 1499 1956 in
1521 1910 1725 1973 singulos

434 1988 532 2035 dies
572 1991 764 2045 servata,
794 1986 991 2051 jamque
1029 1984 1313 2048 postremum
1352 1983 1515 2030 vitalia
1550 2000 1727 2047 organa

434 2063 501 2110 ita
522 2064 737 2127 disponit,
772 2075 825 2108 ut
857 2061 1103 2108 deficiente
1128 2059 1270 2106 etiam
1296 2057 1395 2122 ejus
1420 2057 1723 2105 consuetudi-

432 2138 503 2184 nis
529 2138 696 2193 cauffa,
720 2135 938 2183 vitalium
964 2131 1270 2180 nihilominus
1290 2143 1510 2178 motuum
1535 2130 1719 2177 accele-

435 2211 651 2266 rationeS,
689 2224 734 2257 et
767 2207 939 2256 stimuli
987 2207 1044 2252 ad
1091 2205 1378 2252 excretiones
1414 2217 1460 2251 et
1505 2203 1723 2251 secretio-

435 2302 530 2340 neS,
556 2284 787 2347 perpetim
813 2281 1017 2328 similiter
1031 2280 1163 2333 fiant,
1191 2277 1238 2323 in
1263 2276 1444 2324 morbis
1467 2277 1625 2332 etiam,
1651 2275 1723 2321 in-

433 2358 637 2404 termisso
672 2357 783 2404 licet
819 2353 1039 2401 consueto
1077 2351 1186 2398 vitae
1229 2351 1476 2414 regimine,
1513 2363 1560 2398 et
1588 2347 1720 2395 insti-

437 2444 556 2477 tuto.

712 2615 750 2661 ,λ’
775 2613 858 2651 Art.
885 2611 1005 2652 ίΠτεον,
1028 2614 1137 2669 Pars]
1154 2610 1234 2650 All.
1254 2611 1294 2650 de
1312 2612 1409 2666 Igne.

1474 2728 1502 2783 ἃ]
1514 2741 1531 2773 1
1543 2759 1554 2773 .
1592 2723 1720 2781 Prae-
