1871 3211
309 236 1058 287 -CAUSSIS.
1265 249 1358 302 159

70 370 360 433 potissimum
385 369 650 425 recedente,
674 368 884 416 homines
904 368 1088 414 interire
1109 369 1359 427 affirmant,

72 445 203 505 quod
274 444 320 490 in
375 443 563 491 Gallico
625 459 802 489 oceano
866 440 1165 490 observatum
1229 441 1360 489 fuiffe

72 517 255 564 Plinius
309 518 486 575 scribit,
539 517 692 580 inque
733 515 977 563 Atlantico
1023 513 1164 579 juxta
1204 516 1362 563 Gades

30 585 32 589 ’
75 590 376 639 Philostratus
401 591 454 639 ¹⁶.
525 591 704 638 Ferunt
740 590 884 637 etiam
917 587 1256 651 deprehensum
1281 589 1365 635 usu

75 664 122 709 in
147 665 382 713 maritimo
408 665 561 728 Belgii
587 667 733 712 tractu
756 665 806 719 ¹⁷,
845 662 1009 725 paullo
1032 677 1226 724 corpore
1250 663 1365 709 obe-

74 735 226 794 fiores,
251 738 359 786 aestu
381 740 634 786 accedente
658 734 926 800 periclitari,
952 733 1136 798 eosque,
1158 736 1238 799 qui
1258 751 1366 799 gra-

77 809 260 858 ciliores
284 829 330 860 et
354 813 460 861 ficei
486 813 643 868 effent,
664 810 832 858 eodem
848 809 1108 856 recedente.
1181 812 1234 860 In
1260 811 1367 875 qui-

81 881 167 930 bus
196 885 374 932 tametfi
399 886 724 948 imperitorum
746 882 996 930 hominum
1023 883 1136 930 fides
1162 885 1370 934 nimium

75 956 216 1006 facile
245 959 571 1015 abundaverit,
599 974 708 1004 cum
733 971 872 1013 certe,
900 956 1047 1003 fluens
1068 972 1148 1006 aut
1172 960 1370 1007 refluens

79 1033 217 1079 maris
244 1049 382 1097 aqua,
422 1034 502 1081 vix
528 1033 706 1096 aliquid
733 1033 791 1079 ad
829 1031 957 1079 Vitae
997 1031 1217 1080 circuitus
1258 1052 1372 1098 pro-

80 1106 224 1165 ficiat,
263 1109 404 1156 ducta
442 1109 597 1173 prima
633 1121 789 1155 tamen
832 1108 889 1155 ab
931 1110 1249 1159 observatione
1275 1110 1373 1175 ejus
1420 1136 1431 1149 ·-

79 1179 145 1225 rei
168 1180 473 1230 fundamenta
497 1181 644 1240 fuiffe,
662 1182 759 1229 veri
776 1182 838 1229 est
855 1184 1022 1242 simile,
1048 1199 1201 1246 neque
1223 1182 1373 1232 incre-

82 1253 227 1300 dibile
258 1254 338 1312 est,
375 1268 576 1302 mutatas
615 1271 725 1302 curn
750 1256 998 1303 accedente
1024 1270 1105 1303 aut
1128 1256 1376 1305 recedente

83 1327 224 1374 maris
249 1329 377 1386 aestu,
411 1345 581 1392 nempe
615 1345 725 1376 cum
760 1331 916 1377 Lunae
939 1329 1112 1393 pofitU,
1154 1330 1270 1379 aeris
1305 1344 1377 1380 at-

86 1405 350 1463 tractiones,
411 1405 665 1469 calorisque
712 1404 757 1451 in
813 1421 870 1452 eo
925 1406 1111 1454 latentis
1159 1407 1378 1465 modum,

89 1479 206 1544 saepe
230 1481 428 1545 insignes
455 1481 502 1527 in
527 1496 639 1528 mox
660 1480 872 1544 perituris
907 1480 1251 1546 aegrotantibus
1274 1498 1379 1530 mu·

87 1552 286 1603 tationes
312 1554 530 1603 effeciffe.

160 1705 242 1754 37.
282 1687 376 1735 Sed
400 1688 627 1752 pleraque
650 1688 862 1748 istorum,
898 1703 1102 1752 quorum
1142 1701 1292 1736 certus
1334 1687 1382 1734 in

93 1766 206 1813 Vita
244 1762 378 1820 ordo,
420 1777 468 1810 et
507 1776 718 1827 tempora
755 1763 984 1822 obtinent,
1020 1762 1147 1811 unde
1188 1763 1384 1811 tandem

95 1840 350 1906 propriam,
392 1852 439 1886 et
462 1839 556 1886 fere
593 1838 917 1887 immediatam
953 1838 1156 1900 impetus
1181 1839 1385 1885 cauffam

98 1912 362 1976 suscipiant,
389 1911 664 1959 monstrabit
694 1927 763 1966 ea,
785 1911 830 1958 in
857 1926 999 1973 quam
1025 1909 1170 1956 modo
1192 1909 1382 1955 descen-

98 1989 270 2042 dimuS,
297 1984 652 2031 converfionum
677 1997 722 2030 et
740 1983 1061 2034 mutationum
1078 1983 1219 2042 Vitae,
1248 1980 1386 2047 juxta

100 2060 352 2110 hominum
370 2069 529 2105 aetates
553 2056 820 2122 descriptio.

151 2262 184 2288 ¹⁶
214 2261 292 2299 Vit.
310 2258 416 2309 Apol.
432 2256 558 2295 Thian.
585 2258 674 2296 Lib.
694 2257 749 2296 V.

153 2329 187 2354 17
216 2318 396 2362 Harduin
416 2317 457 2359 in
475 2318 573 2358 Plin·
601 2321 691 2360 Loc.
705 2324 767 2359 cit.

1174 2662 1392 2711 CAP.
