1871 3211
386 233 1106 284 S-ANORUM.
1334 253 1391 301 55

167 385 210 432 5.
254 373 471 433 Quarum
512 384 623 415 cum
664 368 816 415 multa
854 368 1017 430 paffim
1054 380 1100 411 et
1136 367 1382 425 notiffina,

114 443 326 505 exempla
347 444 393 490 in
420 442 611 490 sanitate
649 441 968 498 circumstent,
1012 454 1064 485 ut
1091 440 1266 486 nedum
1303 443 1393 487 sto-

97 515 250 563 machi
279 518 308 572 ¹,
367 530 737 579 caeterorumque
784 515 1004 561 vitalium
1052 514 1385 561 instrumento-

96 606 199 637 rum
250 590 384 647 vires,
423 590 499 637 sed
547 603 593 637 et
639 589 784 635 animi
824 587 967 652 usque
1009 603 1162 634 mores
1208 589 1396 635 mentis-

97 681 188 729 que
243 663 532 713 adfectiones
583 678 761 712 certam
800 681 824 710 a
873 663 1230 726 tempestatibus
1288 680 1395 710 nor-

102 755 230 786 mam
256 739 393 786 facile
422 739 625 802 recipere
649 738 915 796 videantur,
943 736 1144 801 jamque
1183 749 1396 784 contrac-

98 813 219 861 tiore
258 811 447 859 dicendi
484 827 654 876 genere
680 824 878 867 utentes,
914 810 1129 857 omnium
1169 810 1306 858 instar
1347 827 1400 858 ea

101 886 468 942 nominabimus,
506 901 612 950 quae
629 885 866 949 propriam
888 876 1166 931 morborum
1192 885 1400 947 genesim

93 957 230 1023 juxta
254 960 379 1006 Anni
405 959 626 1006 circuitus
652 958 904 1022 respiciunt
926 976 936 1004 ε
975 959 1149 1021 Neque
1191 957 1400 1020 prosecto

102 1033 151 1079 in
176 1031 379 1081 diversos
419 1033 617 1081 morbos
653 1047 816 1079 natura
858 1033 954 1089 sua,
992 1031 1223 1094 proclivia
1259 1033 1402 1078 effent

102 1105 353 1152 hominum
380 1122 591 1168 corpora,
620 1105 702 1153 nifi
723 1105 1026 1153 consimiliter
1067 1106 1297 1151 naturales
1323 1122 1402 1151 eo-

106 1195 212 1226 rum
238 1178 487 1226 facultates
513 1179 741 1241 ejusmodi
769 1195 876 1234 cum
906 1179 1176 1241 tempestate
1199 1194 1406 1241 congru-

106 1252 245 1301 entiae
269 1253 433 1300 fierent
455 1253 726 1315 participes.
1008 1243 1010 1245 ’

178 1401 226 1453 6.
263 1401 390 1447 Ante
429 1413 589 1447 tamen
632 1397 886 1450 videndum
919 1396 998 1452 est,
1042 1411 1099 1443 ne
1141 1396 1409 1444 absolutum

115 1475 373 1540 quemdam
405 1475 451 1522 in
475 1479 620 1523 Anno
645 1473 924 1520 morborum
949 1472 1183 1528 ordinem,
1229 1488 1276 1517 et
1304 1490 1409 1536 per-

114 1562 306 1617 petuam
363 1548 623 1611 quamdam
671 1545 1003 1592 successionem
1055 1561 1306 1608 ponamus,
1369 1545 1414 1591 in

114 1639 260 1687 quam
288 1622 572 1685 antiquiores
601 1619 800 1675 Medici,
838 1617 1026 1682 ipseque
1047 1618 1175 1664 Artis
1200 1617 1415 1668 conditor

117 1696 444 1760 Hippocrates
467 1698 502 1752 ²,
558 1693 771 1758 proxime
836 1691 1120 1745 contendisse
1184 1691 1415 1743 videntur.

117 1774 367 1836 Qantum
389 1769 562 1817 etenim
582 1785 688 1825 una,
707 1767 968 1830 eademque
984 1779 1213 1830 perpetuo
1235 1763 1412 1811 constet

120 1847 321 1893 Naturae
346 1842 634 1899 collineatio,
672 1856 741 1889 tot
760 1855 917 1888 tamen
941 1855 1178 1902 tantaeque
1203 1837 1417 1900 undique

122 1930 281 1964 extant
300 1915 476 1962 externi
495 1916 756 1981 internique
779 1914 980 1960 hominis
1006 1913 1340 1975 consensiones,
1365 1923 1420 1956 ut

121 1992 202 2039 vix
228 1987 406 2051 aliquid
431 1988 593 2034 stabile
619 2001 665 2034 et
705 1999 989 2050 perpetuum
1027 1986 1245 2031 humanae
1279 1996 1419 2027 natu-

89 2107 101 2117 s
125 2078 187 2110 1·ae
234 2061 324 2107 effe
371 2073 542 2123 queat:
603 2061 783 2108 tametsi
831 2061 980 2106 rursus
1029 2058 1148 2104 inter
1192 2055 1423 2102 summam

131 2133 358 2199 ejusmodi
384 2133 748 2190 instabilitatem,
794 2132 977 2181 stabiles
1015 2131 1229 2195 quaedam
1270 2128 1424 2174 direc-

127 2204 293 2256 tiones,
329 2212 376 2247 et
403 2200 522 2248 nisus
552 2215 786 2257 maneant,
826 2216 1029 2263 quorum
1062 2194 1426 2244 consideratione

129 2273 335 2320 multum
362 2270 652 2338 Philosopho
692 2271 879 2335 pariter,
920 2283 1060 2332 atque
1096 2267 1295 2316 Medico
1320 2282 1429 2330 prof>

132 2345 388 2397 ficiendum
411 2344 489 2391 est.

180 2538 194 2556 ¹
224 2530 337 2570 Conf.
359 2529 546 2582 Hippocr,
573 2530 612 2570 in
631 2531 721 2572 Lib«
744 2532 783 2569 de
803 2532 955 2569 Humor,

185 2601 199 2618 ²
228 2593 430 2644 Apsustft'
454 2607 488 2629 2,

773 2709 813 2758 E
850 2726 882 2766 4
1173 2722 1219 2768 7,
1259 2706 1296 2752 C
1306 2719 1439 2752 avere.
