1871 3211
484 217 548 277 73
719 211 847 260 DE
912 211 1628 273 vrT.PER10D.

488 344 573 399 sub
594 344 764 407 quinto
792 359 842 393 et
877 344 1229 409 quadragefimo
1265 346 1412 392 aetatis
1454 360 1574 391 anno
1599 341 1769 389 morie·

483 422 674 471 bantur.
745 421 984 466 Natorum
1007 432 1162 464 tamen
1193 435 1332 477 unus,
1357 435 1464 465 cum
1497 432 1771 478 caeterorum

484 492 747 541 infortuniis
768 492 990 549 monitus,
1026 509 1214 539 omnem
1251 492 1600 555 prudentissime
1625 491 1772 537 vitam
1832 484 1846 499 ⁸

490 569 549 619 ad
573 566 716 629 usque
741 565 892 620 fatalis
928 566 1147 612 circuitus
1172 566 1572 628 complementum
1595 563 1771 627 exegis—

487 641 569 699 set,
594 640 856 704 exindeque
897 640 1146 694 incolumis
1181 638 1486 702 superfuisset,
1519 638 1772 685 diutiffime

482 717 639 780 postea
663 714 798 770 vixit,
824 714 972 771 donec
998 713 1090 760 fere
1127 727 1262 760 aetate
1287 712 1541 768 confectus,
1582 712 1771 766 senilem
1838 710 1852 749 ’ἐ

483 805 692 844 ¹mortem
713 789 922 838 obiisset:
960 789 1075 836 vixit
1113 789 1237 835 enim
1265 789 1324 835 ad
1349 788 1494 852 usque
1522 788 1775 850 nonaginta

491 880 654 913 annOS.
740 864 937 924 Propter
973 863 1119 924 quod,
1167 879 1258 908 non
1305 863 1350 909 in
1391 862 1524 915 raris,
1574 859 1774 923 exempli

493 953 659 999 genus,
696 935 868 987 censuit
905 950 1141 981 nonnemo
1187 935 1492 981 diuturniores
1535 933 1778 982 hominum

493 1011 613 1055 vitas
656 1008 840 1054 duabus
874 1006 969 1053 fere
1012 1008 1215 1068 periodis
1262 1006 1596 1061 circumscribi,
1635 1004 1778 1068 iisque

496 1082 764 1136 isochronis,
808 1097 1009 1144 quarum
1033 1081 1113 1143 qui
1153 1081 1293 1126 medii
1331 1079 1438 1126 anni
1480 1077 1785 1126 interfuerunt
1841 1118 1866 1144 ,Λ

497 1155 764 1217 gravissimo
785 1155 1065 1216 plerumque
1089 1155 1254 1199 morbo
1280 1154 1439 1199 locum
1459 1152 1701 1198 dederint:
1728 1167 1784 1198 ex

497 1246 648 1291 eoque
674 1228 869 1283 sanatos,
906 1227 1049 1273 veteri
1075 1227 1169 1272 vita
1194 1225 1287 1273 fere
1312 1241 1467 1283 exuta,
1503 1242 1581 1273 eos
1606 1241 1786 1281 novum

483 1303 619 1364 .vitae(
633 1300 849 1356 stadium,
868 1301 1014 1353 simile
1041 1302 1180 1364 priori
1207 1302 1404 1348 iniviffc.

572 1469 648 1510 14.
688 1450 828 1497 Certe
854 1467 963 1498 cum
990 1469 1014 1498 a
1040 1452 1273 1515 trigesimo
1310 1453 1476 1516 quinto
1508 1451 1565 1499 ad
1588 1450 1798 1515 quadra--

500 1526 732 1588 gefimum
749 1525 968 1572 octavum
984 1544 1155 1573 annum
1174 1533 1218 1558 ²0
1239 1544 1410 1589 magna
1429 1528 1671 1577 hominum
1682 1541 1788 1589 pars
1847 1552 1869 1589 3.

501 1600 690 1648 difficile
723 1617 867 1664 genus
887 1601 1077 1664 aliquod
1101 1601 1252 1648 morbi
1280 1602 1500 1656 incurrat,
1528 1616 1786 1663 eorumque

503 1675 642 1722 multi
677 1677 736 1722 ad
776 1675 1069 1739 septuaginta
1116 1691 1161 1723 et
1208 1676 1408 1740 amplius
1450 1692 1591 1722 annos
1630 1675 1788 1738 postea

504 1749 811 1811 porrigantur,
852 1751 974 1797 haud
1012 1752 1192 1814 prorsus
1218 1751 1488 1796 incredibile
1525 1749 1603 1805 est,
1644 1749 1789 1796 modo

507 1822 643 1878 dicta,
683 1823 887 1885 aliquam
929 1822 1089 1869 saltem
1131 1837 1329 1885 partem,
1368 1825 1413 1869 in
1439 1840 1550 1870 vero
1588 1822 1786 1869 fundari.

507 1895 615 1942 Nec
639 1913 739 1942 rara
765 1894 974 1958 profe5to
992 1913 1171 1952 eorum,
1198 1899 1281 1959 qui
1307 1898 1512 1943 multum
1538 1896 1789 1943 consenue-

509 1982 634 2024 runt,
644 1969 905 2016 testimonia
924 1971 1178 2032 expositam
1198 1971 1469 2017 sententiam
1482 1971 1786 2018 confirmant:

511 2058 801 2104 quamquam
819 2042 1106 2106 imprompta
1123 2044 1238 2106 saepe
1257 2061 1308 2089 ea
1329 2044 1373 2089 in
1391 2061 1452 2099 re,
1469 2045 1557 2090 fide
1578 2043 1789 2090 medicos

511 2117 598 2162 effe
610 2116 762 2170 decet,
777 2131 859 2162 nec
872 2132 976 2178 quae
993 2134 1018 2163 a
1038 2117 1249 2177 triginta,
1264 2116 1657 2179 autquadraginta
1669 2131 1789 2164 retro

513 2189 658 2248 annis,
679 2202 815 2235 aetate
841 2191 1045 2249 provecti
1067 2205 1267 2244 narrant,
1301 2191 1522 2236 omnibus
1539 2190 1698 2238 omnia
1721 2190 1789 2238 fa-

559 2375 596 2393 20
624 2371 683 2409 Ex
710 2372 878 2420 dimidia,
900 2386 985 2425 quae
1004 2373 1165 2424 superest
1179 2375 1372 2412 Natorum
1385 2386 1507 2426 parte,
1523 2373 1604 2424 post
1621 2374 1799 2412 octavum
1866 2367 1869 2373 ¹

509 2442 665 2476 annum,
685 2442 769 2468 ante
790 2446 931 2469 nonum
952 2443 988 2470 et
1017 2433 1248 2483 trigesimum
1274 2432 1456 2470 Tricntes
1483 2433 1560 2470 fere
1581 2433 1657 2470 duo
1681 2432 1800 2470 inter·
1866 2424 1871 2442 ξ

508 2498 613 2533 eunt,
627 2487 794 2540 itemque
808 2490 1042 2540 superstitum
1061 2491 1138 2541 post
1154 2505 1235 2528 eam
1252 2502 1413 2538 aetate1n‚
1428 2493 1660 2544 quadrantes
1672 2490 1799 2542 proxi·
1866 2494 1871 2509 ¹

508 2559 566 2582 me
581 2556 654 2583 tres
684 2547 901 2586 moriuntur
916 2560 1002 2587 ante
1021 2564 1161 2587 annum
1174 2550 1338 2600 primum
1358 2562 1394 2589 et
1414 2550 1796 2603 quinquagesimum:

509 2606 597 2653 heu,
618 2618 734 2657 quam
753 2607 882 2655 paucis
902 2609 1186 2648 senescendum!

752 2682 771 2711 1
1704 2670 1794 2717 cile

1866 2547 1871 2585 l
