1871 3211
452 258 517 310 92
683 242 800 292 DE
856 244 1040 294 VIT.
1099 242 1486 292 PERIOD:

448 389 496 425 et
536 377 783 441 AEthiopes
826 376 1019 433 faciunt,
1057 392 1205 442 utque
1240 377 1456 434 arbitror,
1491 388 1732 441 eapropter

446 451 647 516 utrique,
683 453 813 515 quod
853 453 1110 515 copiosiore
1136 446 1303 498 exinde
1351 451 1604 514 impetrata
1628 467 1735 514 per·

444 522 690 586 spiratione
708 525 927 581 nimium,
955 543 1051 589 quo
1076 539 1324 583 torrentur,
1347 525 1578 574 fervorem
1598 541 1735 573 com-

443 599 650 661 pescant.
720 602 892 664 Neque
916 602 1042 646 enim
1066 601 1280 647 interiore
1305 599 1413 645 aestu
1439 599 1739 645 calidissima-

443 687 550 718 rum
590 673 841 736 regionum
874 674 1040 721 incolae
1085 673 1165 720 soli
1210 687 1451 730 vexantur,
1494 672 1569 719 sed
1605 685 1650 719 et
1690 670 1739 718 hi

444 744 723 808 plurimum,
761 764 878 810 quos
906 747 1060 794 adurit
1083 747 1370 810 penetrabile
1398 746 1544 809 frigus
1571 764 1582 792 ε
1628 761 1740 809 quae

445 819 564 867 ratio
599 820 676 876 est,
717 836 800 866 cur
825 819 960 866 facile
999 821 1244 868 concitatis
1271 820 1436 867 animis
1478 820 1547 866 isti
1586 817 1740 882 saepis—

445 890 558 938 sime
600 894 836 940 ebriorum
877 893 964 940 fint
987 894 1174 948 similes,
1209 894 1474 951 mutabiles,
1512 891 1740 948 iracundi,

445 965 660 1021 audaces,
699 981 870 1027 nempe
894 967 1022 1029 quod
1042 967 1205 1013 durata
1230 966 1401 1027 frigore
1426 981 1589 1011 eorum
1614 978 1739 1020 cute,

446 1037 649 1085 difficilis
675 1039 745 1095 fit,
780 1039 948 1085 interni
974 1039 1156 1098 caloris,
1195 1055 1305 1085 curn
1341 1037 1538 1084 humido
1562 1035 1741 1100 perspi-

445 1110 580 1157 rabili
605 1113 878 1175 vaporatio.
913 1113 1174 1176 exindeque
1212 1111 1259 1158 in
1300 1111 1536 1174 spirituosa
1560 1123 1607 1157 et
1629 1126 1735 1157 aro-

445 1185 636 1248 marica,
663 1186 721 1232 ad
746 1203 849 1234 eam
871 1187 1179 1246 incitandam,
1203 1203 1345 1250 propi
1348 1203 1392 1234 10
1413 1188 1610 1235 Naturae
1628 1201 1738 1234 con-

448 1258 550 1307 silio
575 1258 803 1306 feruntur.

519 1409 595 1454 13.
633 1390 915 1456 Cujusmodi
960 1396 1246 1458 populorum
1292 1394 1510 1459 utrinque
1550 1391 1742 1440 rationi-

448 1465 556 1522 bus,
592 1466 719 1529 quafi
754 1483 811 1512 ex
851 1467 1039 1516 adverso
1083 1468 1129 1514 in
1171 1485 1319 1516 unum
1367 1466 1740 1531 conjurantibus,

446 1541 699 1587 consimilis
741 1554 958 1590 motuum
1017 1544 1276 1607 proportio,
1312 1544 1358 1590 in
1408 1543 1629 1606 idemque
1667 1541 1742 1589 vi-

447 1629 497 1662 ta
535 1615 753 1662 resultat:
794 1617 923 1680 quod
965 1618 1218 1680 utrobique
1268 1631 1415 1681 captae
1463 1617 1521 1664 de
1565 1615 1743 1663 diurnis

448 1688 652 1751 corporis
677 1690 1086 1750 evacuationibu5‚
1112 1691 1453 1739 observationes
1479 1689 1573 1738 fere
1598 1689 1739 1735 etiam

447 1761 654 1808 similiter
670 1777 884 1825 arguunt.
928 1765 1137 1811 Tametsi
1161 1765 1355 1824 etenim,
1380 1780 1486 1832 quae
1512 1763 1569 1813 de
1588 1761 1739 1810 insen-

439 1910 563 1948 caussa
585 1909 723 1947 indieta
742 1911 826 1962 lege
846 1912 1160 1950 summoveretur.
1217 1912 1358 1950 Eadem
1389 1912 1479 1957 fere,
1507 1921 1544 1950 et
1577 1910 1747 1950 intensis-

441 1970 530 2008 fiina
549 1969 628 2019 ejus
647 1970 797 2019 generis
832 1971 918 2008 sunt
940 1971 1161 2009 Borealiuni
1178 1971 1372 2010 defideria.
1431 1973 1632 2023 Qanturn
1651 1984 1745 2009 vero

440 2028 496 2066 isti
514 2029 605 2066 olcis
621 2028 724 2065 intus
747 2040 920 2076 utuntur,
943 2040 1093 2068 tantum
1126 2030 1284 2081 perustae
1313 2032 1389 2069 sole
1418 2041 1549 2083 gentes
1569 2044 1611 2068 ea
1630 2042 1744 2070 extus

442 2089 635 2134 adhibent,
679 2087 814 2141 hisque
845 2090 910 2128 sibi
948 2103 1086 2140 corpus
1115 2091 1364 2141 perfundunt,
1410 2101 1447 2128 et
1482 2089 1654 2142 undique
1679 2090 1747 2128 im*

439 2151 641 2200 pinguam,
682 2164 722 2188 ut
751 2166 770 2189 a
804 2152 916 2203 longe
942 2152 1054 2190 etiam
1085 2153 1305 2190 Hottentoti
1339 2151 1603 2203 graveolentia
1633 2165 1744 2190 nares

442 2211 577 2248 feriat:
611 2213 715 2263 quod
742 2224 942 2264 eapropter
973 2213 1236 2251 verofimiliter
1266 2213 1319 2260 fit,
1355 2224 1398 2250 ut
1417 2226 1535 2264 quam
1560 2213 1746 2251 summam

441 2270 595 2308 sortaffis
623 2273 765 2310 habent
785 2273 882 2310 cutis
912 2272 1104 2310 raritatem
1129 2272 1315 2318 minuant,
1346 2272 1609 2324 fibrarumque
1631 2284 1746 2322 prop-

441 2336 544 2363 terea
572 2329 687 2366 robur
707 2330 921 2380 adaugeant
939 2345 948 2368 ι
987 2331 1035 2367 ob
1055 2343 1172 2381 quam
1191 2330 1358 2368 similiter
1386 2331 1547 2368 cauffam
1571 2325 1765 2381 peruntsti⁸

441 2384 609 2423 Athlctae
632 2387 670 2424 in
694 2388 837 2425 scenam
857 2387 1076 2437 prodibant.
1114 2388 1250 2426 Fertur
1273 2389 1388 2427 etiam
1407 2391 1650 2437 Macafferas,
1675 2389 1747 2429 vix

441 2452 551 2480 natos
565 2442 730 2481 infantes
743 2445 914 2496 quotidie
927 2448 1014 2483 oleo
1030 2459 1130 2497 aqua
1149 2446 1356 2485 commixto
1372 2447 1548 2487 oblinire.
1597 2450 1746 2499 Qam·

441 2514 557 2553 quam
573 2503 752 2541 cledibile
779 2504 893 2543 etiam
911 2506 974 2553 est,
1002 2504 1181 2556 ejulmodi
1209 2506 1524 2545 consuetudinem
1543 2519 1745 2559 eapropter

441 2561 542 2612 apud
564 2575 624 2599 cas
644 2574 774 2613 gentes
812 2565 1023 2614 invaluiss'e,
1055 2577 1097 2604 ut
1126 2567 1332 2614 venenatis,
1359 2567 1502 2620 quibus
1533 2568 1743 2614 abundant,

440 2619 665 2723 ilnfffflftorum
686 2623 869 2664 mmsibus
899 2626 1151 2679 coinpaffiore
1177 2626 1357 2677 ejusmodi
1386 2628 1485 2669 cutis
1510 2629 1660 2683 glutine
1678 2641 1747 2666 va-

460 2693 485 2718 n
500 2694 556 2720 ius
577 2683 796 2727 obsisterent

615 2754 647 2795 4
1360 2711 1362 2714 ’
1621 2739 1744 2794 fibili
