1871 3211
404 243 1110 294 SANORUM.
1344 262 1405 312 ας

117 393 260 450 quare
304 375 469 425 multis
508 375 686 441 profuit
723 378 800 426 vel
843 394 957 427 mox
993 390 1100 425 ante
1136 380 1400 441 prandium,

118 452 194 500 vel
241 450 486 498 confestim
530 469 556 498 a
602 452 800 514 prandio
836 451 1292 499 medicamentorum
1338 455 1406 500 as-

115 523 337 588 sumptio,
378 541 485 588 quae
510 523 642 571 aliter
665 523 836 571 effectu
862 538 1123 573 caruerant.
1195 528 1411 590 Apparet

115 597 244 644 enim
274 599 437 647 Vitam
478 614 671 645 omnem
719 615 828 646 cum
875 599 985 646 cibo
1031 599 1168 646 simul
1213 599 1408 656 intendi,

115 669 311 735 vimque
334 671 611 720 irritabilem
643 672 990 720 absorbentium
1020 673 1235 725 vasorum
1260 689 1285 720 a
1308 672 1410 736 pas-

117 755 169 790 tu
190 759 317 794 cieri.

110 953 118 958 ἱ
187 902 263 950 17.
301 889 347 937 Is
374 902 618 954 propterea
650 891 861 939 constans
892 892 1217 950 secretionum,
1264 904 1310 938 et
1334 907 1411 939 ex-

119 962 383 1012 cretionum
401 965 534 1021 ordo,
584 964 677 1011 diei
698 966 884 1013 labente
918 967 1179 1024 intervallo,
1215 966 1414 1021 obtinet,

118 1048 174 1082 ut
196 1039 415 1101 aequabili
435 1038 645 1102 quodam
666 1039 866 1085 circuitu
891 1040 993 1086 aliae
1011 1039 1113 1103 post
1139 1039 1248 1087 alias
1268 1039 1379 1084 fiant
1399 1060 1413 1092 3

118 1120 267 1170 utque
296 1110 486 1155 auctum
507 1108 670 1155 diurna
696 1110 1018 1157 comissatione
1043 1126 1230 1173 corpus,
1258 1108 1416 1155 immi-

121 1194 236 1227 nuto
260 1181 415 1244 postea
431 1181 663 1244 paulisper
687 1182 908 1245 pondere,
935 1182 1084 1229 rursus
1111 1182 1420 1244 subsequente

120 1253 217 1313 die,
245 1255 292 1302 in
320 1255 446 1302 idem
473 1255 686 1319 proxime
711 1255 904 1310 recidat,
942 1256 1072 1318 quod
1096 1256 1170 1301 die
1212 1268 1316 1302 ante
1335 1255 1420 1301 ha-

124 1328 317 1382 buerat;
367 1330 498 1391 quod
526 1328 825 1377 Sanctoriana
851 1330 1171 1392 experimenta
1207 1329 1421 1391 probant.

123 1402 209 1455 Est
249 1420 452 1467 namque
495 1404 539 1451 in
578 1404 790 1451 ammisso
824 1403 1038 1468 quotidie
1064 1404 1268 1467 pondere
1305 1421 1419 1452 con-

126 1477 291 1524 stantia
341 1478 577 1542 quaedam,
643 1495 753 1541 quae
804 1479 1219 1526 constantissimum
1282 1495 1422 1543 orga-

124 1567 292 1599 norum
343 1552 388 1598 in
440 1552 786 1600 excretionibus
842 1567 887 1600 et
937 1554 1272 1601 secretionibus
1315 1570 1423 1601 mo-

124 1626 241 1673 dum
273 1624 482 1673 similiter
521 1626 698 1683 suadet,
741 1640 787 1673 et
824 1626 887 1673 ita
929 1627 1144 1690 quidem,
1186 1640 1239 1673 ut
1275 1626 1306 1673 fi
1332 1643 1425 1690 qua

125 1712 259 1764 parte
284 1699 510 1748 remiffius
535 1704 669 1759 fiant,
703 1700 813 1747 alibi
841 1700 1139 1748 intendantur
1158 1702 1191 1747 ⁵.
1262 1701 1428 1754 Multa.

126 1773 433 1822 nihilominus
458 1774 660 1830 obstant,
695 1791 791 1837 quo
829 1789 988 1821 miuus
1014 1789 1229 1821 accurata
1252 1790 1423 1836 perpe-

127 1846 295 1892 tuitate
340 1844 569 1909 ejusmodi
617 1848 780 1908 regula
821 1848 1119 1894 verificetur:
1181 1846 1425 1910 multaque

125 1919 290 1975 aetatiS,
317 1919 618 1983 tempestatis,
655 1935 702 1971 et
719 1920 1067 1974 consuetudinis
1103 1933 1228 1970 extat
1265 1921 1312 1970 in
1351 1920 1423 1973 his

129 1992 351 2042 omnibus
375 1992 510 2039 ratio.

177 2183 192 2206 ⁵
268 2179 357 2229 ussre
381 2177 508 2226 etiam,
538 2178 644 2231 quod
660 2177 751 2217 Keil
770 2178 811 2217 in
837 2177 1076 2229 Aphorisrnis
1098 2177 1439 2218 confirmavit-Si

125 2242 276 2292 corporis
285 2240 421 2291 pondus
445 2240 737 2278 evacuationibus
755 2239 964 2292 largioribus
983 2242 1216 2286 diminuatur,
1237 2241 1288 2276 ad
1289 2241 1438 2290 sblt'tum

118 2303 255 2357 pondus
273 2301 376 2338 brevi
390 2303 493 2349 redit,
515 2302 645 2354 maj0ri
656 2301 783 2355 pabecli
800 2304 862 2339 vel
878 2305 976 2354 copia
997 2302 1060 2338 vel
1072 2304 1268 2346 retentione,
1289 2301 1351 2339 vel
1374 2300 1439 2338 hu-¹

126 2362 214 2399 midi
231 2363 325 2398 aeris
344 2364 712 2414 attrac‘lione-Sique
742 2365 848 2399 etiam
874 2363 994 2398 viHus
1007 2360 1182 2409 modusstt
1195 2358 1307 2397 debito
1325 2360 1440 2412 major

126 2436 192 2467 aut
215 2427 342 2469 minor,
371 2433 443 2461 tum
463 2423 596 2475 ingesta
622 2438 688 2460 non
718 2423 917 2475 respondent
948 2421 1093 2474 egesti-‘53
1127 2420 1212 2469 five
1241 2424 1329 2458 enim
1358 2424 1439 2473 plus

117 2484 201 2533 five
218 2486 330 2520 minus
345 2482 559 2529 comedimus,
588 2494 716 2520 certam
728 2483 794 2531 fibi
818 2495 971 2518 normam
990 2485 1026 2518 in
1054 2479 1345 2519 evacuationibus
1354 2483 1436 2534 serv

127 2556 198 2593 va}
216 2542 477 2584 Natura—De
496 2543 638 2597 quibus
666 2544 788 2590 multa
806 2542 945 2591 adhuc,
967 2541 1069 2589 infra
1087 2538 1318 2591 scripsimus.

769 2669 808 2720 C
839 2687 872 2730 4
1251 2670 1325 2722 18.
1353 2667 1429 2721 Ex
