1871 3211
493 306 583 341 122
716 295 838 343 'DE
895 297 1075 346 VIT.
1134 297 1515 345 PERIOD.

479 425 790 491 ponderisque
809 428 1099 476 incommodi
1124 428 1292 487 sensus,
1336 442 1389 475 ut
1413 445 1486 474 eas
1520 426 1611 473 fere
1636 422 1756 471 reso-

481 499 623 558 lutas,
669 501 818 564 adque
848 514 1029 547 motum
1071 502 1367 565 impotentes,
1413 499 1758 563 necquidquam

481 571 691 619 adhibito
735 587 896 620 contra
931 587 1099 620 conatu
1136 575 1344 637 poffibile
1387 573 1439 618 sit
1473 576 1528 619 ab
1554 574 1757 619 invicem

480 646 699 695 diducere
715 662 760 695 et
779 649 985 695 elevare:
1013 649 1119 695 inde
1139 667 1164 695 a
1188 651 1364 705 somno,
1393 647 1609 694 craffioris
1633 647 1758 707 lym-

480 719 600 781 phae,
627 737 672 768 et
694 722 817 785 quasi
835 722 1018 784 gummi
1044 739 1095 768 ea
1121 723 1165 768 in
1192 737 1322 785 parte
1348 721 1599 775 concretio,
1637 716 1759 764 mul-

480 791 625 854 tisque
663 794 802 839 etiam
843 793 1100 839 lacrimatio
1146 793 1466 839 involuntaria.
1539 794 1758 853 Qorum

479 877 636 911 tamen
679 883 773 911 non
812 868 968 911 omnia
1002 881 1226 928 perpetuo
1254 874 1358 911 ante
1384 867 1593 912 somnum
1620 864 1756 909 fiunt.

480 939 611 1001 Saepe
637 939 807 985 etenim
829 938 996 1001 absque
1022 940 1306 1002 uilapraevia
1323 939 1468 984 somni
1485 935 1757 999 significati-

478 1026 567 1055 one
605 1011 698 1056 fere
734 1011 790 1056 ad
827 1013 1114 1057 voluntatem
1156 1013 1496 1065 obdormimus,
1543 1009 1757 1070 adpreffis

478 1096 612 1129 antea
653 1084 857 1130 invicem
891 1084 1233 1146 diligentiffime
1275 1084 1523 1147 palpebris,
1561 1100 1617 1129 ne
1651 1097 1759 1146 quae

472 1156 668 1201 exterius
704 1156 1046 1218 circumpofita‚
1077 1157 1283 1203 animum
1310 1157 1583 1203 distrahant:
1627 1153 1755 1216 quod

476 1228 847 1275 commodiffime
871 1227 1065 1275 facimus
1091 1229 1235 1275 somni
1257 1231 1367 1276 hora
1391 1228 1622 1282 consueta,
1649 1226 1757 1288 pl'u-

478 1293 744 1364 rimumque
789 1300 999 1358 fortaffiS,
1057 1302 1384 1349 consuetudine
1415 1303 1642 1365 *somnum
1675 1297 1758 1361 ju-

473 1387 629 1429 vante,
665 1388 718 1420 ut
743 1373 836 1419 fere
871 1389 996 1421 certa
1033 1376 1189 1431 etiam,
1231 1377 1275 1422 in
1304 1375 1445 1422 cubili
1473 1373 1654 1437 positio,
1699 1371 1757 1417 il-

474 1446 570 1492 lico
596 1447 697 1509 post
721 1447 935 1493 somnum
959 1448 1169 1494 accersat.
1219 1449 1317 1494 Alii
1339 1463 1494 1494 tamen
1511 1458 1756 1508 perpetuo,

473 1518 518 1563 in
545 1519 674 1565 omni
717 1520 810 1565 diei
853 1520 1083 1582 particula
1122 1522 1178 1568 ad
1221 1520 1434 1567 somnum
1472 1517 1757 1582 paratiffimi‚

470 1592 683 1637 volentes
703 1591 942 1638 confestim
963 1593 1216 1648 dormiunt,
1241 1610 1389 1656 neque
1410 1591 1590 1654 aliquid
1614 1607 1757 1653 prop-

471 1675 593 1708 terea
613 1663 745 1710 solito
770 1650 1030 1711 dormiendi
1056 1679 1265 1727 tempore
1304 1667 1361 1711 ad
1394 1665 1604 1712 somnum
1644 1679 1754 1725 pro-

472 1732 652 1780 ficiunt.
738 1737 870 1798 Qos
912 1736 1029 1797 ipsos
1070 1750 1185 1799 puto
1229 1736 1290 1783 ita
1332 1737 1464 1783 suum
1509 1734 1755 1781 universim

473 1821 642 1868 corpus
665 1823 959 1869 componere,
982 1822 1031 1854 ut
1056 1810 1252 1855 modum
1275 1810 1465 1871 quidem
1487 1808 1753 1862 nescientes,

472 1896 524 1924 ea
550 1895 721 1937 tamen,
742 1897 846 1943 quae
871 1882 1085 1927 somnum
1114 1882 1158 1928 in
1202 1882 1390 1928 animali
1430 1881 1625 1936 faciunt,
1652 1897 1760 1943 pro-

472 1966 648 2009 curent,
692 1955 1112 2019 comprimiturque
1155 1956 1349 2003 fortaffis
1402 1956 1542 2002 etiarn
1591 1972 1753 2002 eorum

472 2026 733 2081 cerebrum,
764 2028 972 2073 breviore
998 2028 1172 2085 sensim,
1195 2042 1240 2075 et
1266 2029 1470 2075 cohibita
1502 2029 1560 2083 ad
1584 2029 1756 2075 volun-

470 2113 633 2158 tatem,
658 2101 920 2163 pulmonari
940 2104 1133 2149 afflone.
1163 2105 1273 2150 Hac
1293 2103 1519 2166 siquidem
1535 2117 1751 2155 contrac-

471 2174 598 2220 tione
635 2176 834 2231 reddita,
874 2177 1180 2239 mephiticum
1214 2179 1412 2224 animale
1449 2178 1752 2242 principium,

470 2252 594 2310 quod
622 2250 742 2295 exire
768 2251 1012 2307 debuiffet,
1037 2250 1235 2314 jamque
1263 2251 1424 2298 senfim
1449 2253 1495 2299 in
1521 2251 1758 2307 interiori-v

470 2320 556 2366 bus
582 2335 735 2384 turget
751 2322 800 2378 ¹⁶,
846 2340 901 2369 ex
927 2339 1074 2386 eoque
1100 2326 1246 2370 oritur
1270 2324 1480 2372 indebita
1502 2326 1754 2373 humorum

514 2436 546 2459 ¹⁶
576 2438 621 2474 In
646 2439 774 2476 somno
793 2441 931 2490 puellae
957 2441 1145 2487 histericae,
1175 2456 1291 2494 quem
1310 2442 1580 2493 descripfilnu8‚
1606 2444 1756 2484 insolita

460 2495 592 2545 capitis
612 2497 790 2545 gravitas,
822 2499 1047 2538 diuturnum
1077 2515 1165 2537 mox
1184 2501 1308 2550 postea
1338 2502 1625 2541 subsecuturum
1654 2503 1733 2541 son

460 2569 551 2591 num
575 2554 786 2602 nuntiabat,
820 2559 1048 2604 ventriculo,
1083 2571 1119 2596 et
1135 2559 1331 2597 abdomine
1353 2561 1484 2598 senfim
1504 2561 1755 2600 contractiore

456 2615 577 2652 fac'to:
614 2624 694 2652 turn
713 2628 801 2653 vero
821 2630 840 2653 a
860 2618 1065 2669 longiflimo
1095 2620 1223 2658 somno
1252 2620 1427 2668 excitata,
1450 2622 1613 2659 multum
1646 2620 1755 2659 lacri-

456 2674 595 2710 mabar.

1473 2738 1732 2801 plenitudo.
