1871 3211
499 235 560 276 14
728 217 843 265 DE
900 203 1530 270 v1T.1²ER1'oo'.

492 351 635 397 etiam
665 348 711 396 in
749 350 844 415 ipsa
866 351 1268 411 deambulatione,
1313 367 1359 402 et
1399 355 1605 418 corporis
1647 359 1780 404 exesa

493 424 623 481 citio,
665 424 710 471 in
751 426 922 489 quibus
960 443 1265 474 communem
1300 431 1557 492 quamdam
1596 430 1780 477 mensu*

489 511 608 551 ram,
650 496 732 558 qui
764 497 1059 559 sapientiores
1101 498 1202 546 sunt
1235 499 1430 557 servant,
1470 501 1501 547 ii
1540 518 1564 547 e
1602 515 1780 559 contra3

489 580 569 613 aut
593 568 888 615 tarditatibus
913 583 1119 628 utantur,
1155 585 1236 618 aut
1271 571 1442 636 absque
1477 573 1628 619 cauffa
1662 572 1782 620 festi-

489 654 651 688 nantes
678 641 917 689 incedant:
968 660 1062 705 quae
1084 661 1174 691 cum
1200 644 1319 702 fiunt
1339 680 1350 691 .
1374 681 1385 691 .
1410 677 1421 691 .
1447 644 1779 707 dignissimam,

467 707 689 778 'aedepol,
708 716 1077 765 exercitatiffimo
1097 719 1292 766 Medico
1311 718 1681 767 observationem
1697 754 1709 766 .
1732 752 1747 767 .
1765 753 1778 765 .

487 788 707 835 anhelztus
729 801 945 846 movetur,
969 791 1123 837 vultus
1145 802 1390 850 mutantur,
1402 808 1478 839 ora
1493 801 1780 855 torquentur.-

484 863 697 924 exquibus
710 879 866 925 magna
867 863 912 923 s
895 864 1123 926 gnzficatzo
1128 865 1191 922 fit
1205 882 1286 912 non
1304 866 1436 930 adff
1453 860 1776 925 constantiam*-

485 936 666 982 Eorum
690 953 800 983 vero
824 938 1076 984 nonnullos
1106 939 1280 986 indicta
1303 939 1555 1002 regulatim
1579 925 1778 987 vivendi

485 1024 666 1064 norma,
713 1024 858 1071 eaque
883 1009 964 1054 diu
1002 1008 1196 1067 servata,
1243 1011 1497 1074 aliquando
1534 1011 1582 1057 in
1612 1011 1778 1058 melius

484 1081 748 1127 vertimus:
788 1097 942 1144 neque
977 1099 1054 1128 eos
1080 1097 1201 1129 certe
1239 1084 1417 1130 consilii
1457 1082 1593 1129 nostri
1618 1083 1775 1146 poeni-

481 1153 585 1199 tuit.
640 1152 738 1198 Etfi
762 1168 964 1214 namque
984 1153 1217 1200 diuturnae
1235 1154 1531 1200 habitudines
1555 1171 1775 1219 quaeque,

482 1224 913 1288 philosophantium
954 1226 1217 1272 multorum
1249 1226 1455 1289 judicio,
1515 1226 1600 1274 sint
1642 1227 1779 1276 instar

483 1299 755 1345 morborum
798 1297 1013 1352 totidem,
1064 1299 1220 1344 nullus
1262 1312 1419 1346 tamen
1457 1299 1608 1346 adhuc
1648 1298 1778 1365 pejor

485 1369 788 1417 inconstantia
811 1370 1004 1415 morbus
1029 1370 1110 1417 est.

556 1533 629 1573 14.
672 1515 726 1561 In
750 1514 828 1561 has
852 1513 1059 1578 profeCm
1095 1514 1326 1578 regulares
1361 1514 1577 1563 vitalium
1606 1520 1766 1564 motu-

482 1607 564 1638 um
589 1590 804 1653 periodos
829 1589 1042 1635 hocloco
1067 1588 1438 1636 animadvertisse
1453 1587 1607 1652 juvat,
1639 1589 1771 1654 quod

480 1679 556 1710 eas
581 1678 687 1709 cum
713 1662 984 1708 morborum
1011 1661 1281 1707 circuitibus
1306 1658 1514 1707 conferre
1532 1659 1670 1707 facile
1695 1660 1766 1709 fit.

483 1738 532 1783 Si
559 1736 729 1782 etenim
754 1734 983 1797 praefmito
1024 1733 1248 1796 temporis
1283 1732 1533 1779 intervallo
1568 1734 1770 1793 Natura,

479 1809 609 1873 quasi
634 1808 732 1855 vim
761 1809 804 1854 in
825 1822 1013 1869 organa,
1053 1805 1179 1862 facit,
1230 1823 1373 1870 eaque
1399 1806 1560 1853 somno
1602 1804 1768 1853 conso·

476 1884 575 1948 pita
598 1883 753 1929 denuo
788 1882 998 1928 invitam
1029 1882 1250 1935 concitat,
1294 1897 1465 1943 nempe
1504 1880 1636 1944 quod
1668 1881 1769 1944 post

480 1958 694 2013 totidem,
720 1956 801 2020 qui
827 1956 873 2002 in
910 1956 1072 2003 somno
1104 1956 1224 2002 fiunt
1266 1956 1417 2001 cordis
1455 1954 1590 2012 ictus,
1640 1954 1766 2017 quasi

479 2031 799 2076 vehementior
822 2046 939 2075 unus
977 2028 1194 2084 incurrat,
1243 2028 1324 2091 qui
1361 2029 1576 2075 somnum
1616 2025 1770 2089 fuget,-

479 2104 615 2151 facile
642 2106 748 2168 quis
791 2103 997 2150 similiter
1030 2104 1198 2150 exinde
1238 2103 1472 2167 concipiet
1514 2101 1764 2165 praefinitas

478 2180 599 2226 statis
625 2178 915 2241 temporibus
940 2179 1210 2225 morborum
1239 2177 1535 2231 reversiones,
1579 2190 1765 2221 eorum*

479 2271 569 2316 que
615 2254 822 2300 transitus
870 2265 915 2298 et
963 2252 1105 2297 fines:
1155 2266 1359 2312 qnorum
1406 2249 1599 2313 quidem
1646 2247 1765 2295 ratio

480 2327 671 2374 uberius
696 2326 741 2373 in
776 2322 1072 2388 sequentibus
1105 2321 1340 2368 tractanda
1365 2319 1441 2367 est.

920 2529 934 2552 ⁸
969 2531 1022 2567 De
1037 2529 1134 2576 offir.
1172 2528 1252 2565 145.
1273 2528 1305 2564 ῖς,

1564 2717 1758 2776 CAP-
