1871 3211
339 316 1033 367 CAUSSIS.
1240 333 1330 380 123

41 449 305 514 plenitudo.
379 453 503 515 Qae
529 449 738 496 similiter
763 450 1144 504 Narcoticorum,
1186 462 1230 494 et
1261 451 1333 494 in-

44 525 326 572 ebriantium
365 527 480 570 ratio
517 524 735 578 creditur,
774 539 941 585 nempe
965 522 1092 585 quod
1117 520 1325 567 rarefac-

47 612 120 644 tus
144 599 202 644 ab
243 598 352 644 inde
391 597 592 660 sanguis,
632 597 777 643 molle
803 595 1060 658 praeprimis
1087 596 1334 641 cerebrum

46 670 293 730 distendat,
339 672 526 736 ejusque
549 686 795 735 propterea
819 686 864 718 et
907 688 1155 717 nervorum
1188 670 1334 716 actio-

46 760 171 802 nem,
190 763 243 793 ea
260 748 626 808 intemperanter
647 745 863 807 usurpata
883 744 1142 790 destruunt:
1166 760 1335 806 quam-

44 833 185 881 quam
213 819 433 867 credibile
457 819 520 865 est
544 818 829 874 etiamssua,
858 835 950 882 qua
976 818 1231 872 abundant,
1261 819 1334 862 in-

47 894 439 951 flammabilitate‚
488 911 542 941 ea
589 895 739 942 cordis
784 894 1152 941 istit-abilitatem
1185 893 1337 956 primo

50 969 244 1032 quidem
300 970 500 1016 nimium
543 985 811 1032 provocare,
875 982 975 1014 tum
1034 983 1143 1014 mox
1187 968 1341 1029 postea

47 1039 142 1088 fere
176 1041 347 1088 stimuli
380 1043 619 1089 nimietate
653 1042 875 1097 lassatam,
919 1041 1086 1087 sedare.
1151 1042 1227 1086 Sic
1256 1057 1339 1087 ve-

48 1114 251 1161 rofimile
269 1115 348 1170 est,
370 1115 701 1162 succedaneam
721 1132 745 1159 a
766 1114 1023 1176 compresso
1043 1115 1233 1159 cerebro
1252 1130 1341 1176 op-

50 1187 252 1235 ticorum
285 1204 534 1235 nervorum
578 1188 838 1252 paralysim,
884 1205 961 1232 cos
988 1187 1117 1232 omni
1154 1187 1342 1233 visionis

48 1261 178 1308 sensu
204 1262 401 1325 privare,
417 1262 497 1325 qui
538 1264 642 1309 luce
664 1261 952 1316 circumfusi,
980 1261 1146 1321 apertis
1175 1262 1340 1323 palpe-

48 1335 143 1382 bris
161 1335 402 1382 dormiunt
422 1353 433 1384 :
460 1336 589 1398 quod
614 1337 827 1399 leporum
849 1335 965 1380 inter
983 1335 1199 1381 animalia
1214 1353 1339 1398 prae-

52 1410 190 1474 cipue
215 1410 303 1456 effe
331 1408 505 1457 ferunt.

121 1559 201 1617 38.
238 1557 346 1603 Nec
379 1554 626 1602 minimam
667 1553 860 1601 fortassis
904 1568 1082 1617 partem
1121 1556 1165 1600 in
1211 1571 1345 1601 com-

53 1629 202 1693 preffo
219 1630 425 1685 cerebro,
448 1628 731 1675 meridianus
753 1630 1086 1675 nonnullorum
1110 1645 1132 1674 a
1153 1629 1345 1691 prandio

52 1701 240 1768 somnus
264 1702 515 1749 fundatur:
555 1717 649 1765 quo
670 1715 880 1764 tempore
905 1700 1044 1748 fortes
1070 1703 1345 1764 apoplexi-(13,

53 1789 105 1823 et
127 1776 255 1838 quod
281 1776 394 1832 vidi,
421 1775 675 1838 aliquando
701 1775 793 1820 iclu
818 1775 1051 1831 mortales,
1081 1777 1214 1821 fiunt.
1254 1777 1346 1822 His

56 1850 250 1913 quidem
270 1850 490 1897 stomachi
509 1851 591 1896 sub
608 1849 862 1910 digestione
882 1850 1221 1904 distentionem,
1241 1851 1347 1897 sub-

58 1923 331 1970 tercurrenti
381 1924 439 1968 ad
476 1922 691 1968 inferiora
733 1921 963 1983 sanguini,
1007 1923 1348 1984 impedimento

58 1997 166 2055 effe,
184 1996 398 2042 nonnulli
421 1995 536 2042 inter
556 1996 772 2041 Medicos
793 1995 1066 2050 existimant,
1088 1996 1348 2059 exindeque

57 2071 164 2134 plus
204 2068 436 2132 sanguinis
463 2069 508 2114 in
535 2067 816 2130 superiorem
844 2068 1006 2131 capitis
1032 2082 1211 2130 partem
1235 2085 1348 2114 con-

60 2143 250 2191 tendere
271 2162 281 2189 :
321 2160 428 2206 quae
451 2156 607 2188 tamen
630 2158 720 2187 non
745 2142 875 2187 omni
902 2156 1059 2188 carent
1087 2142 1347 2189 dubietate.

1 2265 3 2267 .
60 2220 253 2267 Fortem
289 2217 483 2280 quidem
522 2215 783 2262 abdominis
820 2217 1205 2278 compreffionem
1231 2216 1350 2279 saepe

62 2288 466 2352 somnum-juvare,
491 2289 771 2353 pervulgata
791 2288 837 2334 in
856 2289 1030 2335 morbis
1052 2303 1247 2336 monent
1270 2307 1352 2336 ex-

63 2365 238 2428 empla.
279 2366 347 2410 At
367 2364 446 2410 vix
466 2376 605 2418 certe,
632 2380 742 2409 mox
761 2379 785 2408 a
804 2363 1015 2424 prandio,
1034 2362 1241 2410 defectus
1260 2363 1352 2426 spi-

64 2439 241 2490 rituum
266 2437 538 2484 animalium
564 2437 610 2483 in
636 2438 774 2483 maffa
796 2438 1048 2499 sanguinis,
1076 2451 1154 2484 aut
1174 2438 1354 2501 integra

63 2527 356 2560 externarum
375 2511 681 2559 sensationum
703 2511 916 2574 privatio,
946 2512 1072 2574 quod
1101 2527 1352 2574 utrumque

0 2635 4 2643 .
63 2581 352 2644 praecipuam
365 2579 718 2625 somnicauffam
736 2579 1073 2636 multivolum,
1092 2577 1225 2624 facile
1241 2580 1354 2624 alle-

65 2654 164 2717 gari
182 2653 354 2717 potest:
382 2669 672 2718 quamquam
690 2653 945 2715 compreffo
968 2653 1154 2699 cerebro
1176 2652 1353 2697 necesse

66 2729 201 2780 simul
224 2719 294 2787 fit,
321 2744 570 2776 nervorum
594 2727 870 2791 potestatem
897 2745 1085 2776 omnem
1103 2725 1353 2772 slew-itari.

1146 2822 1189 2868 gf.
1228 2807 1352 2852 Vero
