1871 3211
399 265 1091 312 CAUSSIS„
1300 278 1387 328 127

174 412 253 458 43.
284 398 519 444 Caeterum
547 395 783 460 quidquid
809 396 867 442 de
903 395 1012 451 diei,
1053 396 1288 458 noctisque
1328 399 1389 445 ad

109 466 269 516 Vitam
327 469 600 532 praestantia,
663 482 742 516 aut
788 469 1114 514 contrarietate
1167 469 1389 528 diximus,

105 541 318 604 quamvis
344 541 657 604 plurimorum
683 542 769 587 effe
793 542 1038 588 hominum
1055 539 1282 603 judicem,
1309 545 1390 591 vix

104 626 258 660 tamen
286 617 329 660 in
356 615 545 678 lingulis
577 616 859 662 verificatur.
934 615 1027 660 Alii
1055 630 1275 677 namque,
1317 633 1388 663 ta-

99 687 232 733 metfi
274 705 468 734 numero
513 688 667 750 pauci,
709 687 968 750 expeditius
1028 688 1179 742 nocte,
1245 706 1388 752 quam

98 755 175 807 die
208 761 390 818 vivunt,
424 764 664 824 leviusque
706 762 932 808 nocturno
968 759 1009 806 se
1052 759 1224 807 habent
1264 778 1387 811 tem-

100 856 228 902 pore,
267 857 410 904 quam
446 842 631 898 diurno,
666 843 710 887 in
736 841 864 905 quod
900 841 1105 887 multum
1130 841 1386 889 dormiunt.

98 914 153 960 In
180 915 264 961 hac
291 915 481 971 etenim,
520 930 660 979 atque
682 915 727 961 in
761 916 899 961 rebus
930 914 1116 977 reliquis
1143 915 1200 962 ad
1227 916 1387 962 Vitam

99 990 462 1053 pertinentibus,
488 992 639 1038 omnis
666 991 711 1037 in
736 991 1072 1038 consuetudine
1090 991 1290 1054 potestas
1315 994 1386 1040 lo-

99 1077 251 1111 catur.

162 1228 243 1272 44.
277 1213 447 1261 Nihilo
485 1227 642 1260 tamen
681 1213 835 1260 minus
875 1214 1035 1260 eadem
1081 1213 1125 1259 in
1165 1209 1388 1259 omnibus

99 1282 327 1347 ejusmodi
354 1275 720 1333 vicissitudinum
747 1288 942 1349 periodo
968 1300 1167 1342 extante,
1194 1287 1387 1333 eadem-

97 1374 188 1421 que
234 1357 327 1407 fere
370 1360 599 1406 constante
631 1359 845 1406 horarum
888 1359 1182 1415 succeffione‚
1221 1359 1387 1421 liquet,

99 1446 326 1494 quantam
351 1432 595 1480 uniformis
621 1433 857 1479 actionum
888 1432 1094 1478 totidem
1128 1432 1175 1478 in
1199 1431 1389 1478 homine

99 1504 341 1561 circuitus,
386 1506 511 1554 Vitae
535 1519 752 1552 motuum
777 1505 1121 1568 regularitatem
1162 1504 1295 1550 simul
1317 1503 1389 1550 af-

97 1573 232 1624 ferat.
306 1577 397 1623 Sed
436 1577 647 1623 omnium
675 1577 823 1642 instar,
861 1576 908 1623 id
949 1576 1156 1623 maxime
1183 1576 1228 1622 in
1251 1575 1387 1631 sanis,

96 1663 144 1697 et
167 1652 504 1715 aegrotantibus
525 1652 871 1699 confideraviffe
889 1652 1086 1707 interest,
1111 1664 1389 1715 perpetuam

96 1724 337 1782 videlicet,
385 1743 492 1789 quae
537 1726 607 1774 bis
643 1726 772 1772 omni
817 1725 975 1772 evenit
1021 1725 1112 1782 die,
1166 1724 1388 1771 vitalium

97 1812 319 1846 motuum
344 1800 709 1855 conversionem,
735 1812 788 1846 ut
807 1816 976 1862 nempe
1002 1798 1200 1845 interdiu
1227 1815 1253 1844 a
1277 1814 1388 1845 cen-

97 1885 170 1918 tro
189 1870 247 1918 ad
272 1873 617 1936 periphaeriam,
643 1889 669 1918 a
693 1873 829 1918 corde
848 1872 1069 1918 videlicet
1093 1872 1150 1918 ad
1174 1884 1387 1918 extrema

98 1946 325 2009 corporis,
352 1947 455 1992 luce
480 1946 686 1992 maxime
702 1945 920 2008 juvante,
947 1945 1282 2008 expeditiffima
1302 1961 1386 1990 eo-

95 2035 202 2065 rum
222 2020 458 2066 concursio
478 2019 556 2064 fiat
577 2035 587 2063 z
616 2032 777 2064 contra
799 2009 908 2063 vero
932 2019 1083 2073 nofte,
1111 2033 1136 2062 a
1154 2016 1386 2079 periphae-

98 2086 164 2139 ria
210 2092 266 2138 ad
306 2107 517 2138 centrum
544 2092 640 2147 fiat,
684 2091 812 2155 quasi
852 2093 1124 2154 retrograda
1164 2081 1408 2138 motuum'

94 2166 360 2212 converfio:
395 2165 749 2228 plurimumque
786 2178 1033 2228 propterea
1070 2163 1236 2210 diurno
1260 2176 1385 2210 tem-

95 2255 229 2302 pore,
262 2240 547 2302 progreffivo
585 2238 735 2285 motui
776 2240 983 2285 dandum
1011 2235 1093 2294 fit,
1137 2250 1183 2283 et
1223 2250 1386 2284 contra

97 2312 181 2358 sub
229 2315 435 2370 noctem,
478 2311 707 2358 intestino.
801 2313 855 2359 In
894 2310 1225 2374 aegrotantibus
1253 2325 1385 2366 vero,

97 2386 225 2449 quod
281 2400 328 2432 et
378 2386 613 2449 irregulari
661 2386 821 2433 somno
878 2387 1201 2449 corripiantur,
1256 2385 1385 2447 iique

89 2571 223 2622 supra:
253 2571 314 2608 sed
334 2570 528 2621 respiratio
546 2571 669 2620 fortis,
689 2573 852 2624 amplior
869 2571 1055 2610 costarum
1086 2570 1264 2620 elevatio,
1295 2572 1393 2611 soni-

87 2640 149 2669 tus
169 2644 191 2669 a
214 2633 368 2669 thorace
387 2631 612 2682 profundus,
642 2644 679 2670 et
711 2634 816 2685 quasi
845 2632 1116 2685 fingukienfis,
1143 2645 1234 2671 mox
1264 2633 1391 2683 postea

89 2690 361 2732 excutiendum
379 2692 550 2735 somnum
570 2692 765 2745 praeibant,
1403 2687 1409 2692 ’

1216 2749 1382 2798 multis
