1871 3211
378 272 1070 345 CAU‘ssls.
1277 316 1363 364 131

77 428 380 494 vegetationi,
423 441 470 476 et
515 429 824 489 incremento,
872 443 917 477 et
961 429 1177 493 plurimae
1222 433 1364 482 etiam

79 501 318 549 vivacitati
345 500 449 549 satis
474 503 579 560 effe,
602 501 770 568 absque
790 504 890 551 ullo
914 503 1032 550 lucis
1057 502 1362 553 adminiculo.

79 581 315 629 Umbrato
356 595 560 645 namque
597 597 676 629 aut
708 584 865 630 lucido
898 584 1006 629 loco
1043 581 1254 629 similiter
1280 584 1366 630 fio·-

76 667 192 711 rent‚
235 656 379 703 modo
403 655 564 702 debita
602 655 924 719 dephlogistici
967 655 1082 703 aeris
1107 657 1367 719 quantitate

71 729 322 792 perflentur
338 733 401 784 ²¹5
431 744 682 793 earumque
702 729 890 786 semina,
915 747 1021 794 quae
1039 731 1365 794 dephlogistici

75 804 190 850 aeris
239 805 418 851 acceffu
457 805 737 867 germinant,
781 822 872 851 non
915 805 1166 852 minimum
1206 820 1367 855 contra

73 878 200 926 claro
226 880 336 926 Sole
361 879 484 935 laedi,
511 879 734 926 monstrat
768 879 932 925 usitata
956 880 1262 927 ruricolarum
1289 882 1363 928 in-

72 953 259 1010 dustria,
297 955 377 1017 qui
403 954 577 1002 semina
601 954 696 1000 solo
721 954 971 1016 diligenter
1005 955 1232 1011 condunt,
1271 955 1367 1003 fere

74 1043 130 1073 ne
156 1025 274 1074 lucis
317 1027 533 1074 nimietas
577 1043 630 1073 ea
654 1027 874 1074 destruat.
945 1029 1197 1090 Vegetatio
1221 1030 1366 1077 etiarn

72 1100 291 1146 ditissima
328 1102 379 1147 fit
415 1101 647 1147 matutino
683 1115 912 1163 tempore,
954 1101 1136 1147 tametfi
1173 1102 1368 1151 minima

64 1181 184 1214 *tunc
212 1167 265 1213 fit
291 1167 445 1214 solaris
466 1167 656 1215 luminis
686 1168 832 1218 ocho.
904 1169 1074 1215 Manet
1100 1182 1256 1215 tamen
1281 1187 1366 1218 vea-

68 1242 357 1304 getationem
400 1241 517 1287 lucis
558 1241 825 1288 interventu
862 1240 1109 1287 universim
1141 1242 1363 1304 vigorati,

70 1328 124 1361 ut
175 1328 434 1378 propterea,
493 1329 600 1376 quae
647 1314 854 1370 illustria,
901 1326 947 1358 et
992 1327 1216 1360 montana
1262 1316 1366 1363 loca

69 1387 247 1451 plantae
287 1403 539 1451 occupant,
578 1403 654 1433 eas
700 1387 841 1450 longe
888 1387 1179 1445 celsitudine,
1218 1402 1263 1434 et
1287 1407 1365 1437 ro-

69 1463 181 1509 bore
222 1462 506 1526 praecellant,
541 1477 648 1524 quae
673 1460 984 1516 convallibus,
1027 1475 1074 1507 et
1109 1462 1365 1512 humilibus

70 1535 187 1582 locis
206 1535 524 1582 dominantur.
595 1536 800 1598 Jamque
825 1536 999 1581 etenim
1015 1548 1144 1582 tanta
1163 1536 1364 1600 dephlo-

71 1609 221 1671 gistici
258 1610 372 1656 aeris
417 1626 525 1656 cum
558 1609 664 1656 luce
688 1608 861 1656 vicinia
898 1609 1159 1666 intercedit,
1207 1624 1259 1657 ut
1297 1613 1365 1659 nil

71 1682 214 1740 aliud,
241 1699 386 1748 quam
410 1683 656 1747 peculiaris
683 1684 806 1730 illius
826 1684 1130 1741 modificatio,
1165 1683 1245 1731 lux
1271 1687 1360 1732 effe

69 1758 230 1804 multis
273 1759 515 1805 credatur:
553 1757 685 1821 quod
723 1758 1055 1822 ampliffimum
1095 1758 1362 1822 quaestIOnis

69 1849 215 1895 genus
239 1833 317 1880 vix
343 1833 478 1897 hujus
505 1833 567 1878 est
591 1833 700 1879 loci.

140 1995 219 2043 50.
259 1979 448 2041 Qibus
486 1979 650 2027 fimilia
691 1980 848 2026 lucem
889 1979 936 2027 in
960 1980 1235 2038 hominibus
1259 1984 1361 2032 effi-

72 2067 175 2097 cere
200 2051 423 2098 credibile
460 2051 537 2107 est,
581 2064 635 2097 'ut
666 2065 913 2116 propterea
937 2053 1144 2100 montani
1168 2070 1362 2118 quoque

70 2126 300 2181 homines,
348 2124 498 2171 nescio
523 2121 651 2188 quid
685 2126 836 2189 magis
883 2142 1096 2190 corpore,
1151 2142 1198 2174 et
1241 2129 1361 2193 saepe

70 2199 213 2246 etiam
239 2199 396 2245 animo
423 2199 675 2245 abundent.
725 2198 968 2255 Similiter,
995 2217 1104 2263 quae
1129 2202 1187 2248 de
1216 2204 1365 2266 'plan--

68 2288 221 2319 tarum
247 2271 292 2318 in
318 2271 522 2318 obscuris
547 2270 876 2336 profundisque
915 2287 1046 2319 terrfe
1086 2275 1200 2322 locis
1229 2277 1358 2324 albe-

0 2403 2 2407 ?
69 2348 196 2403 dine,
224 2338 424 2415 *fereque
464 2347 606 2408 scrofa
649 2349 855 2395 colluvie
879 2349 1104 2406 diximus,
1142 2368 1252 2399 cum
1287 2355 1358 2402 his

72 2420 262 2476 faciunt,
310 2435 414 2484 quae
439 2421 498 2467 de
540 2422 657 2468 albis
683 2422 1008 2485 AEthiopibuS,
1053 2424 1145 2471 five
1169 2426 1357 2475 Albinis

23 2533 27 2536 .
72 2509 321 2555 narrantur,
348 2496 430 2559 qui
450 2497 525 2542 die
542 2497 854 2553 caecutientes,
876 2487 1169 2547 tenebricolis
1189 2504 1358 2550 occul·
1386 2526 1388 2528 ’

316 2685 337 2702 '²
351 2659 374 2705 ¹.
392 2679 526 2732 Ingen.
548 2681 675 2720 House
703 2683 829 2720 Lettre
844 2683 868 2721 ie
886 2682 946 2722 M.
965 2682 1144 2725 Molitor.

656 2739 699 2784 K
739 2755 766 2787 2
846 2808 854 2815 ι
1210 2741 1368 2806 tisque
