1871 3211
318 231 1023 282 SANORUM.
1294 247 1351 296 ας

71 369 201 425 alibi,
253 367 382 430 quasi
439 382 597 413 earum
644 364 857 412 omnium
902 369 921 401 ⁷
972 350 1357 412 ordinatiffimun’i

71 441 390 504 complexum,
433 453 479 486 et
502 439 614 486 dato
645 439 686 486 ei
713 450 1089 500 temperamento
1117 436 1360 488 consenta-

72 529 207 561 neam
234 512 617 575 conspirationem
641 511 729 557 effe
756 509 975 557 diximus.
1237 547 1266 581 ο

143 618 199 665 19
257 602 369 648 Non
412 600 568 663 igitur,
608 599 738 663 quod
783 615 808 643 a
849 598 1080 661 plerisque
1108 598 1364 660 praestitum

70 673 148 731 est,
196 675 224 720 fi
251 676 440 738 quando
466 675 685 720 vitalium
722 672 959 719 actionum
980 673 1172 729 cauffas,
1214 687 1258 719 ct
1278 690 1361 736 pe-

71 750 227 796 riodos
255 750 493 805 rimantur,
519 748 818 812 singularium
839 749 1260 811 phaenomenorum
1279 748 1366 794 fin-

71 823 276 887 gillatim
303 824 584 870 conferenda
608 824 671 870 est
694 825 832 883 ratio,
872 825 986 887 quin
1013 837 1182 871 caetera
1209 824 1366 872 omnia

69 896 241 961 pariter
275 896 591 944 conferantur.
664 898 810 960 Qod
838 897 961 947 enim
987 897 1119 943 simul
1145 897 1191 943 in
1219 915 1369 945 unum

68 969 243 1025 omnia,
269 972 515 1034 quaeVitae
534 971 655 1029 sunt,
683 970 838 1016 amice
859 967 1118 1032 conjurent,
1137 969 1280 1015 altera
1304 970 1368 1015 al-

73 1043 213 1088 terius
227 1061 368 1106 opem
392 1044 542 1107 poscit
576 1044 660 1101 rei,
688 1049 838 1105 neque
855 1041 1107 1105 sejunctam
1132 1041 1267 1091 facile
1300 1042 1365 1090 est

74 1119 317 1166 aestimare.
389 1124 550 1185 Qare
583 1122 698 1167 olim
744 1120 1067 1183 sapientissime
1094 1122 1368 1184 Hippocra-

74 1205 160 1248 tes,
215 1194 246 1239 s1
290 1194 392 1257 quis
432 1197 679 1242 minimam
723 1194 929 1255 corporis
968 1210 1148 1256 partem
1187 1195 1368 1251 laeserit,

70 1266 414 1331 >qualiscunque
461 1268 540 1314 illa
587 1268 740 1322 fuerit,
786 1281 939 1314 totum
982 1269 1118 1316 fimul
1160 1270 1368 1332 corpus³

77 1341 244 1388 laederc
283 1342 419 1398 dixit,
448 1352 681 1404 propterea
723 1340 836 1403 quod
871 1343 1043 1387 minima
1082 1352 1193 1402 pars
1232 1346 1371 1389 omnia

77 1415 223 1472 habet,
253 1433 346 1480 quae
367 1419 572 1463 maxima.
645 1415 814 1462 Omnis
840 1415 966 1461 enirn
986 1415 1098 1462 Vita
1126 1415 1372 1464 indefinito

80 1490 286 1553 partium
324 1491 478 1537 omnis
521 1491 730 1556 corporis
755 1489 979 1537 consensu
1005 1489 1197 1546 constat,
1240 1492 1374 1538 exin-

81 1562 233 1627 deque
270 1565 349 1612 vix
398 1564 580 1628 aliquid
628 1565 674 1612 in
716 1564 813 1628 ejus
855 1564 1006 1611 studio
1031 1566 1196 1628 profici
1226 1568 1373 1629 poffe,

82 1650 354 1684 caeterarum
401 1639 572 1685 virium
632 1640 1051 1701 contemplatione,
1097 1640 1267 1703 quibus
1321 1658 1376 1689 ea

82 1727 190 1774 quae
230 1712 483 1759 inanimata
519 1712 637 1769 sunt,
681 1713 727 1759 in
761 1713 942 1762 mundo
979 1729 1245 1771 moventur,
1288 1716 1376 1764 rite

83 1784 266 1847 aliquos
292 1785 451 1832 dixisse
477 1787 670 1833 arbitror
693 1804 703 1832 :
748 1802 842 1832 non
869 1788 1000 1850 quod
1031 1788 1210 1836 diversa
1241 1791 1375 1837 utris—

84 1873 178 1924 que
224 1858 481 1905 constarent
529 1874 688 1907 motus
734 1860 986 1923 principia,
1030 1861 1107 1907 sed
1149 1864 1280 1925 quod
1328 1867 1376 1911 in

86 1945 213 1979 tanta
252 1933 638 1982 consentientium
678 1936 811 1981 fimul
840 1936 1094 1992 actionum,
1139 1939 1258 1985 unde
1282 1939 1381 1988 vita

89 2006 336 2053 intertexta
360 2007 438 2062 est,
458 2009 761 2065 abundantia,
783 2026 852 2064 ea,
871 2027 976 2073 quae
992 2010 1242 2058 inanimata
1258 2012 1377 2070 sunt,

88 2073 167 2119 vix
193 2074 340 2135 ullam
374 2090 483 2121 cum
506 2075 774 2122 viventibus
812 2077 1211 2140 comparationem
1245 2079 1376 2128 susti-

91 2162 270 2194 nerent.

162 2253 241 2284 20.
281 2236 506 2285 Similiter
525 2237 681 2294 etiam,
717 2255 860 2301 quam
885 2238 1196 2288 Mineralium
1220 2243 1381 2291 Vitam

94 2311 257 2374 nuperi
297 2310 538 2373 scriptores
574 2312 834 2368 nominant,
873 2314 1053 2359 tametsl
1078 2331 1203 2362 mera
1226 2333 1379 2380 aggre-

90 2380 283 2441 gationis
305 2379 356 2424 vi
377 2381 395 2404 ⁹
420 2379 723 2442 compositam
750 2393 934 2442 putent,
969 2381 1166 2444 propriis
1186 2385 1381 2449 quibus-

97 2475 99 2477 ·
1270 2458 1383 2507 dam

144 2521 159 2546 ⁷
188 2517 301 2556 Conf.
321 2517 412 2556 Lib.
434 2519 466 2557 Ι.
491 2519 534 2558 P.
558 2519 613 2557 ΙΙ.
640 2533 726 2570 cap.
755 2517 809 2558 iii.
839 2520 929 2557 sect.
963 2518 1045 2558 xvi.

145 2583 160 2604 ⁸
190 2580 232 2615 In
248 2578 334 2615 Lib.
354 2580 395 2615 de
414 2580 504 2617 Loc.

143 2645 160 2668 9
177 2636 374 2686 Ejusmodi
398 2637 496 2684 sunt,
525 2650 620 2690 quas
640 2637 808 2675 diximus
833 2636 872 2675 in
885 2637 1135 2679 Mineralium
1152 2641 1392 2692 compositio-

92 2705 153 2746 ne,
173 2696 388 2746 affinitates,
413 2709 450 2736 et
470 2697 728 2752 aggregativae
748 2696 862 2748 vireS,
888 2710 930 2738 ut
951 2713 1003 2739 eae
1020 2712 1207 2754 perpetuo
1237 2702 1276 2742 in
1307 2714 1397 2753 pro-

1322 2773 1396 2812 pru
