1871 3211
407 266 1095 316 CAUSSIS.
1312 281 1399 330 115

114 399 202 448 sese
225 400 397 456 datura,
437 401 780 463 particularem,
806 400 984 464 sibique
1020 399 1262 463 proprium
1293 416 1396 446 mo·

117 475 246 530 dum,
271 489 317 520 et
343 476 475 521 situm
497 475 756 523 observant.

176 639 253 680 24.
295 626 529 674 Uberiora
569 629 806 674 noeturnae
845 625 1071 688 plethorae
1097 623 1311 688 exempla
1351 621 1396 668 in

106 695 300 746 homine
338 715 514 748 extant.
587 701 914 748 Succulentior
953 717 1035 763 per
1069 701 1252 745 moelem
1295 715 1399 744 cor-

108 774 233 834 poris
260 774 460 830 habitus,
488 776 823 838 rotundiorque
848 774 966 820 visus
992 773 1143 820 forma
1166 774 1210 819 in
1238 773 1290 818 iis
1316 789 1400 834 po-

108 843 345 904 tissimum,
372 866 574 912 quorum
599 850 726 895 lauta
750 849 980 894 cellularis
1006 847 1083 904 est,
1104 848 1256 910 qualis
1283 846 1399 892 ado—

106 918 460 969 lescentularum
486 924 573 969 effe
603 924 747 970 solet:
792 940 931 986 quare
976 923 1028 969 iis
1055 940 1146 969 nox
1171 921 1398 969 venustati

49 998 51 1000 ’
105 1008 375 1056 opportuna
400 996 480 1052 est,
518 997 648 1058 quod
679 995 841 1043 formae
863 996 1169 1059 asperitatem,
1196 996 1227 1041 si
1254 1012 1399 1058 quam

106 1068 296 1124 habent,
336 1087 390 1116 ea
422 1072 604 1117 minuat
646 1071 921 1134 plurimum,
960 1071 1100 1133 iisque
1136 1071 1399 1133 regularem

108 1142 266 1188 vultus
287 1145 621 1190 rotunditatem
647 1146 847 1191 tribuat:
883 1160 1042 1207 quare,
1071 1159 1126 1189 ne
1151 1143 1264 1207 quid
1288 1142 1397 1188 visa:

111 1216 248 1262 noctu
278 1215 438 1263 formae
465 1219 682 1277 illudant,
720 1218 987 1264 cavendum
1019 1216 1096 1263 est.

179 1381 258 1429 25.
297 1368 376 1414 Ob
404 1383 548 1430 quam
588 1366 793 1413 similiter
833 1365 1164 1413 confertiorem
1191 1363 1397 1411 cellulosi

108 1452 277 1497 textus,
305 1441 438 1489 noete
469 1458 612 1504 quam
640 1442 716 1487 die
755 1442 1092 1504 oppletionem,
1130 1439 1292 1502 saepius
1319 1453 1401 1499 per

109 1514 298 1563 noctem
318 1515 705 1578 Haemorrhagias
729 1516 892 1570 redire,
919 1514 1085 1577 easque
1111 1513 1400 1576 potissimum

109 1587 154 1634 in
173 1588 324 1651 prima
348 1589 496 1636 somni
517 1602 728 1651 tempora
755 1589 932 1643 cadere,
952 1586 1133 1650 judico.
1175 1587 1236 1633 Iis
1258 1584 1401 1648 fiqui-

109 1660 222 1707 dem
247 1663 400 1725 prima
444 1661 750 1708 blandiusculi
787 1661 932 1708 somni
960 1659 1204 1706 intervalla
1238 1659 1402 1705 locum

109 1735 237 1792 dare,
279 1735 395 1799 saepe
421 1736 622 1799 propria,
663 1749 708 1783 et
733 1735 884 1782 aliena
909 1735 1052 1780 etiam
1077 1733 1402 1781 observatione

109 1809 317 1856 monitus
341 1810 502 1857 didici.
574 1810 706 1857 Novi
732 1810 996 1863 mulierem,
1044 1823 1152 1870 quae
1175 1808 1400 1854 diuturno

108 1882 226 1927 uteri
253 1883 505 1944 profluvio,
530 1899 613 1945 per
631 1882 777 1928 somni
802 1896 1012 1944 tempora
1030 1880 1399 1936 recrudescente,

108 1956 344 2012 laborans,
374 1973 482 2003 cum
507 1957 564 2003 acl
589 1957 789 2004 multam
816 1959 1003 2006 noctem
1022 1956 1267 2022 vigilasset,
1294 1972 1400 2004 eam

109 2045 276 2093 praeter
300 2046 480 2078 morem
505 2029 645 2093 longe
669 2031 864 2089 distulit,
900 2032 947 2079 in
984 2047 1183 2096 eamque
1208 2029 1397 2087 recidit,

110 2117 164 2150 ut
189 2103 397 2166 primum
436 2119 539 2150 eam
579 2104 767 2150 somnus
794 2107 1059 2168 occupavit.
1130 2102 1232 2166 Ipse
1257 2101 1401 2152 etiarn

112 2195 221 2225 cum
277 2178 515 2240 periodica
561 2179 929 2242 Haemorrhagia
977 2193 1193 2234 tentarer,
1263 2180 1400 2227 noste

110 2251 371 2315 praeprimis
418 2265 699 2309 revertente,
747 2252 826 2298 vix
888 2269 1096 2317 unquam
1144 2265 1402 2316 antequam

110 2325 275 2373 somno
301 2325 568 2389 corriperer,
610 2342 715 2372 eam
751 2326 902 2388 paffus
941 2327 1057 2383 sum,
1094 2342 1262 2389 nempe
1286 2343 1397 2374 cum

111 2397 302 2462 placida
326 2399 490 2445 cuncta
515 2399 636 2446 circa
655 2415 731 2446 me
756 2398 915 2458 effent,
952 2401 1172 2463 nullaque
1196 2398 1242 2446 in
1263 2400 1398 2447 cubi-

112 2472 240 2527 culo,
289 2471 480 2518 luminis
525 2471 768 2520 illustratio
806 2486 1014 2521 extaret:
1063 2490 1267 2537 cumque
1309 2475 1397 2521 ali-

113 2547 302 2610 quando
328 2560 477 2594 totam
512 2548 697 2594 noctem
722 2547 780 2593 ad
821 2564 958 2594 mane
993 2546 1150 2611 usque,
1191 2548 1398 2610 legendo

111 2637 192 2669 aut
216 2622 457 2670 scribendo
481 2623 761 2686 vigilassem,
789 2623 965 2670 nullam
1005 2641 1088 2687 per
1122 2623 1169 2670 id
1206 2637 1393 2686 tempus

113 2696 343 2761 sanguinis
361 2694 591 2761 jacturam
616 2695 817 2746 sustinui.
885 2697 979 2747 Vix
1004 2697 1174 2747 etenim
1199 2696 1397 2750 dubium

758 2771 778 2816 I
820 2786 846 2818 2
1332 2768 1396 2817 est
