1871 3211
379 254 1071 302 sANoRUM.
1298 270 1359 319 77

86 387 194 435 dem
236 385 429 450 ingenii,
478 386 718 450 animique
759 383 974 432 succeffio
1017 384 1135 448 saepe
1174 386 1377 437 nimium

82 461 412 525 perrumpitur,
438 474 490 507 ut
513 460 642 524 quod
659 459 842 523 proprie
864 474 1144 522 corporeum
1171 458 1249 513 est,
1272 460 1378 522 plus

81 534 367 597 posterorum
398 534 485 580 effe
525 533 754 588 videatur,
783 548 926 594 quam
953 531 1083 595 quod
1108 529 1171 577 est
1197 531 1374 577 anima-

80 619 181 653 tum
223 619 270 653 et
316 606 530 670 spiritale.
600 605 908 653 Familiarum
936 620 1104 666 nempe
1130 604 1379 666 aegritudi-

80 696 160 728 nes
184 681 380 744 propriae
406 694 450 727 et
468 695 681 744 cognatae
703 680 862 727 vultus
884 677 1211 725 similitudines
1233 679 1378 726 saecu-

80 751 135 800 lis
177 770 269 801 non
307 754 572 800 intermiffae
605 767 944 817 perennantur:
989 752 1272 799 nobilissima
1306 765 1377 800 ta·

79 841 207 883 men,
232 839 276 873 et
295 843 412 890 pene
438 827 598 874 divina
625 828 938 882 Proavorum,
982 825 1015 871 s1
1040 841 1146 889 quae
1171 825 1376 883 fuerunt,

77 899 259 965 ingenia
295 918 379 965 per
416 903 676 959 traducem,
745 917 906 949 contra
979 900 1142 963 saepius
1201 901 1377 947 debili-

77 987 251 1032 tantur,
307 991 354 1023 et
395 977 488 1024 fere
536 976 845 1024 succrescente
902 991 1002 1023 aevo
1043 987 1375 1034 extenuantur,

78 1061 127 1096 ut
161 1049 289 1095 nulla
330 1065 574 1114 propterea
611 1063 815 1115 paternae
856 1050 1044 1097 virtutis
1082 1048 1378 1095 haereditaria.

72 1124 357 1186 poffeffionis
391 1122 500 1188 jura
541 1125 640 1175 sint.
712 1127 780 1172 At
804 1123 1132 1171 verosimiliter
1172 1139 1281 1169 cum
1317 1138 1376 1170 eo

73 1199 204 1261 quod
243 1216 520 1262 corporeum
568 1200 645 1256 est,
686 1200 886 1247 definita:
927 1200 1069 1247 etiam
1108 1197 1366 1246 solidorum

73 1271 465 1328 modificationes,
514 1274 786 1335 Nepotibus
822 1273 1099 1327 inferuntur,
1143 1271 1376 1335 fimulque

75 1360 189 1391 cum
215 1345 268 1392 iis
296 1358 418 1392 certa
439 1346 715 1393 morborum
732 1345 919 1400 semina,
939 1344 1246 1407 vivendique,
1267 1363 1374 1393 mo·-

73 1416 320 1481 riendique
348 1418 708 1466 consuetudines
734 1432 895 1466 certae:
925 1434 1068 1481 quare
1090 1417 1226 1462 datus
1247 1417 1376 1464 fimi-

74 1486 181 1539 liter
206 1493 391 1541 staturae
428 1507 474 1540 et
511 1494 803 1541 adolescendi
848 1493 1037 1548 modus,
1080 1491 1373 1554 singularum

73 1564 170 1613 fere
188 1568 226 1614 F
229 1567 493 1615 amiliarum
514 1568 726 1633 proprius
730 1567 838 1632 jugi
855 1568 1132 1615 succeffione
1151 1564 1373 1615 servatur.

76 1641 296 1704 Qorum
321 1641 533 1705 profecto
556 1642 772 1690 omnium
798 1659 850 1689 ea
875 1655 1122 1706 perpetuo,
1149 1656 1201 1687 ac
1227 1641 1273 1686 in
1300 1658 1374 1688 re-

64 1711 232 1775 liquis,
263 1714 380 1761 ratio
399 1714 664 1778 usurpanda
685 1715 768 1771 est,
796 1727 849 1760 ut
871 1731 964 1761 non
981 1729 1086 1761 eam
1107 1725 1371 1776 praetereas,

76 1798 332 1849 antequam
375 1787 434 1833 ad
469 1786 730 1834 curandum
778 1787 992 1844 accedas,
1032 1787 1095 1833 ita
1131 1799 1286 1832 tamen
1322 1800 1374 1833 ut

77 1859 269 1922 longam
293 1860 575 1909 seneftutem
601 1861 647 1907 in
673 1861 803 1908 brevi
828 1861 1138 1907 morientibus
1158 1859 1369 1907 Familiis

79 1933 197 1996 saepe
222 1935 473 2000 attendere,
501 1948 546 1981 et
566 1934 659 1997 ipse
677 1932 823 1980 etiam
847 1934 1099 1997 aliquando
1119 1948 1374 1996 provocare

76 2011 238 2073 postis,
264 2023 310 2055 et
328 2023 512 2066 contra,
538 2011 683 2072 longa
704 2009 949 2072 Majorum
970 2009 1243 2057 successione
1260 2024 1372 2071 pro-

79 2083 268 2130 miffum
293 2084 486 2140 senium,
527 2100 582 2130 ne
625 2100 718 2146 qua
743 2083 938 2129 demum
966 2083 1126 2147 iniqua
1150 2082 1243 2130 sors
1270 2083 1371 2129 Ne-

80 2157 273 2220 potibus
315 2157 508 2214 auferat,
550 2157 678 2221 quod
713 2156 997 2220 prudentem
1032 2157 1166 2203 dccet
1193 2156 1369 2212 virum,

80 2230 367 2278 extimescas.

156 2387 230 2437 15.
270 2375 477 2422 Pertinet
502 2375 547 2422 in
586 2376 707 2423 hunc
734 2377 894 2423 locum
917 2375 1041 2421 edita
1065 2374 1372 2438 superioribus

85 2447 214 2494 annis
257 2447 580 2507 observatio4¹⁹
605 2449 822 2511 Familiae
856 2448 1113 2511 cujusdam,
1156 2465 1249 2512 qua
1285 2464 1371 2510 ge·

84 2522 168 2569 niti
209 2539 392 2582 omnes,
439 2523 697 2570 miseranda
743 2525 1001 2571 Procerum
1038 2522 1370 2572 consuetudine

370 2767 379 2789 t
421 2711 455 2734 ¹⁹
471 2707 607 2761 Aubry
634 2711 703 2750 Les
720 2711 864 2750 Orac-les
891 2711 932 2748 de
949 2712 1026 2750 Cos.
1289 2757 1372 2804 sub
