1871 3211
495 250 569 325 *96
692 250 808 300 DE
856 251 1604 306 VIT.PER10D.&c.

503 383 846 433 temtrionalem
902 386 1077 432 artibus
1125 388 1395 449 erudiveris,
1455 391 1782 453 cultarumque
1814 435 1816 438 ,
1844 395 1871 453 '3⁸

493 458 703 522 gentium
725 461 940 522 exempla
963 476 1068 507 eum
1091 476 1212 523 pone
1232 462 1778 527 sequijufferis,jarnque
1863 457 1867 465 ”’

495 549 709 580 amoenos
740 534 774 579 is
799 533 959 579 induet
984 550 1150 590 mores,
1177 548 1222 581 et
1247 552 1356 582 cum
1381 537 1630 583 cultiffimo
1654 552 1778 599 quo-

493 606 565 652 vis
607 607 795 653 homine
841 606 980 652 :minzi
1019 608 1202 654 lenitate
1246 608 1455 655 certabit.
1531 611 1778 674 Qantum

493 683 666 730 etenim
689 696 869 740 caetera,
896 699 1002 745 quae
1028 683 1071 728 in
1093 686 1271 731 mundo
1292 685 1409 741 sunt,
1436 688 1671 732 neceffitas
1691 699 1775 730 co·-

493 772 588 821 gat,
617 757 710 804 sola
734 772 888 802 tamen
925 756 1153 812 voluntas,
1201 759 1380 804 tametsi
1421 758 1538 821 saepe
1574 752 1789 805 nimium'

493 831 658 886 aliena,
692 830 918 885 homines,
960 828 1196 892 quidquid
1219 831 1338 888 sunt,
1377 831 1606 878 efformat.

561 989 637 1036 16.
679 991 839 1052 Qam
879 988 995 1034 bene
1031 989 1297 1050 Lycurgus,
1336 990 1415 1052 qui
1441 990 1605 1037 eodem
1636 1004 1771 1053 partu

490 1060 672 1121 genitos
698 1075 847 1114 canes,
875 1075 983 1105 cum
1028 1059 1337 1105 diversimode
1362 1060 1659 1118 educavisset,
1691 1079 1770 1110 eos

485 1132 665 1195 populo
711 1131 942 1187 exhibuit,
977 1148 1231 1195 eorumque
1278 1133 1392 1178 alter
1431 1133 1599 1190 escam,
1656 1135 1774 1183 alter

487 1221 592 1251 eam
639 1205 904 1268 indignatus
963 1205 1172 1267 leporem
1231 1205 1556 1253 insectabatur.
1646 1208 1771 1270 Qae

485 1278 580 1326 fere
605 1282 708 1327 sunt
735 1280 915 1334 caussae,
950 1295 1032 1324 cur
1075 1279 1120 1325 in
1161 1278 1374 1325 imbelles
1405 1279 1520 1326 olim
1561 1281 1769 1343 impavi-

484 1353 533 1398 di
579 1352 972 1416 degeneraverint,
1016 1364 1060 1396 et
1101 1349 1278 1397 infandi
1323 1351 1508 1415 jamdiu
1554 1351 1766 1402 homines

484 1442 658 1489 nupera
704 1442 825 1472 nunc
865 1424 1053 1471 tandem
1093 1439 1229 1471 aetate
1267 1425 1427 1472 heroes
1469 1425 1579 1472 faeti
1623 1426 1724 1474 sunt
1752 1420 1780 1478 ς’

482 1499 611 1562 quod
639 1514 797 1545 eorum
820 1497 985 1544 animis
1005 1497 1173 1553 calcar,
1194 1500 1427 1544 neceffitas
1451 1499 1642 1562 quidem
1665 1502 1763 1564 pri-

480 1587 630 1628 mum,
656 1586 703 1617 et
726 1571 1021 1617 sanctiflimus
1046 1569 1135 1616 suae
1161 1570 1309 1633 gentis
1331 1583 1375 1615 et
1413 1570 1582 1616 Patriae
1608 1587 1755 1631 amor,

1861 1289 1868 1317 x

1865 1370 1871 1402 ἱ

1865 1431 1871 1451 ἲ

1861 1498 1871 1611 ἰ

481 1668 687 1716 moxque
711 1651 956 1713 condignae
979 1650 1137 1696 laudes
1164 1664 1209 1699 et
1249 1650 1442 1713 praemia
1467 1650 1761 1700 addidissent.
1850 1637 1871 1734 ξ

1859 1751 1871 1851 ἒ

1858 1146 1861 1155 ,
1856 918 1870 1094 ,Ἲ..-,ἿἾ,,

482 1726 755 1789 Cujusmodi
782 1742 807 1772 a
825 1724 1052 1788 praeclaris
1076 1724 1271 1786 ingeniis
1296 1724 1526 1785 exagitata
1550 1738 1652 1772 ante
1678 1743 1762 1775 nos

479 1814 756 1862 argumenta
779 1816 871 1846 non
898 1798 974 1854 est,
997 1814 1077 1844 cur
1103 1798 1254 1844 nostra
1286 1799 1442 1844 denuo
1467 1815 1606 1860 opera
1630 1800 1758 1848 inve-

478 1874 651 1919 nustius
673 1875 931 1935 prodeant:
977 1887 1129 1934 neque
1163 1871 1222 1916 de
1259 1871 1582 1934 aegrotantium
1608 1886 1654 1919 et
1689 1875 1757 1921 sa-

475 1965 646 1995 norum
680 1949 805 1994 Vitae
839 1946 1042 2010 periodis
1069 1945 1281 1994 scribenti
1307 1946 1419 1993 mihi
1443 1947 1617 1993 neceffe
1638 1962 1759 2010 puto

476 2022 522 2068 in
560 2021 652 2068 fere
684 2021 943 2069 consimiles
969 2036 1144 2076 earum,
1183 2021 1241 2067 de
1282 2021 1455 2084 quibus
1491 2019 1752 2079 scribimus,

470 2095 766 2160 periodorum
791 2095 835 2140 in
863 2093 1112 2150 Gentibus,
1133 2107 1178 2140 et
1201 2093 1430 2157 Imperiis,
1456 2093 1594 2141 statos
1618 2093 1750 2142 etin·
1850 2108 1869 2154 ’ς

476 2168 747 2216 elu&abiles
775 2168 992 2216 circuitus
1018 2168 1175 2216 animo
1199 2168 1451 2215 advertere.

1614 2675 1744 2724 DE
