1871 3211
384 289 1079 339 CAUSSIS.
1290 305 1378 355 125

97 425 394 472 tenacitatem
432 424 624 479 habent,
663 436 708 470 et
746 424 853 486 igne
878 421 1224 470 concrescibilia
1266 425 1386 485 sunt,

94 499 182 545 ulia
199 515 325 554 vero,
354 508 501 562 aquea
526 508 711 561 nempe,
754 512 799 543 et
826 495 982 552 setosa,
1025 495 1238 541 fluidiora
1283 491 1403 543 effi-²

93 584 209 631 cere,
247 585 298 617 ut
322 586 565 639 propterea
590 571 798 618 diluculo
840 583 1077 633 vergente,
1105 570 1384 629 tenuissima,

92 656 138 690 et
156 643 290 691 facile
311 645 623 709 perspirabilia
650 644 847 707 liquida,
870 643 1262 706 lymphaticorum
1291 645 1383 691 cir-

89 717 217 762 cuitu
260 719 505 765 vehantur.
577 717 854 781 Cujusmodi
897 733 921 763 a
951 717 1100 773 noete,
1144 731 1189 763 et
1221 716 1384 764 somno

91 791 264 849 coelio,
305 809 450 855 quem
486 792 531 838 in
566 793 764 839 modum
793 807 897 838 eam
923 793 1116 838 Veteres
1150 791 1380 849 dixerant,

90 863 222 911 brevi
271 865 372 929 post
413 866 471 912 ab
531 881 587 911 eo
635 865 816 928 fugato,
870 865 987 927 saepe
1035 864 1211 921 alvum,
1258 865 1380 911 mic-

87 950 287 1004 tumque
340 939 596 993 sollicitat3
660 940 952 1004 optimaeque
1007 938 1228 985 coctionis
1289 939 1380 1003 sig-

88 1025 204 1058 num
246 1012 462 1068 habetur,
510 1011 543 1058 fi
584 1012 775 1075 quidem
810 1012 1063 1074 utrimque,
1107 1028 1213 1074 quae
1248 1014 1380 1059 coeta

86 1085 189 1142 fint,
216 1087 300 1134 rite
333 1086 490 1151 primo
525 1103 661 1135 mane
687 1087 955 1135 fundantur.
1027 1087 1160 1149 Saepe
1185 1079 1388 1135 etiam]

83 1159 239 1222 primo
270 1161 418 1208 somni
458 1162 793 1219 excitamento‚
835 1161 978 1208 urinae
1015 1175 1279 1218 moventur,
1317 1163 1377 1208 ab

84 1235 380 1296 impressione
412 1235 665 1299 frigidioris
712 1235 888 1282 externi
922 1234 1068 1281 aeris:
1117 1234 1378 1298 cujusmodi

86 1310 299 1358 [imiliter
315 1311 392 1368 est,
419 1311 634 1374 frequens
660 1326 742 1373 per
762 1311 809 1356 id
828 1324 1012 1373 tempus
1037 1311 1375 1372 pandiculatio,

84 1398 133 1432 et
177 1385 408 1433 oscitatio.
502 1386 677 1447 Neque
719 1383 999 1448 postremam
1038 1383 1378 1434 dormientium

83 1459 400 1523 perspirationi
443 1458 688 1506 fimbolar'n
726 1455 903 1505 confert
940 1456 1072 1520 super
1097 1457 1375 1505 incumben-

81 1532 200 1579 tium
224 1532 533 1595 stragulorum
556 1532 737 1595 preffio,
770 1529 992 1593 jugisque
1012 1530 1263 1576 linteorum
1283 1532 1374 1578 cir-

84 1622 141 1653 ca
177 1622 345 1669 corpus
387 1606 628 1654 affrie'tus:
670 1620 985 1669 praetereaque
1025 1620 1116 1660 aer,
1162 1604 1376 1665 stragulis

85 1676 365 1741 interjectus,
409 1678 583 1724 affiduo
622 1677 898 1724 dormientis
930 1677 1083 1723 calore
1106 1676 1372 1735 rarefactus,

79 1750 187 1814 plus
214 1751 365 1798 adhuc
391 1750 644 1798 animalem
669 1767 892 1816 vaporem
916 1751 1149 1798 sollicitat.

144 1908 228 1950 41.
265 1893 439 1955 Neque
471 1885 865 1954 praetermittenda
901 1891 1116 1955 pulsuum
1143 1891 1187 1937 in
1213 1901 1368 1945 nocte,

79 1965 220 2029 inque
244 1965 584 2012 dormientibus
605 1964 817 2012 conditio
841 1965 903 2011 est
924 1984 935 2012 ε
963 1964 993 2010 ii
1008 1981 1212 2026 namque
1232 1981 1369 2027 quar-

80 2048 126 2088 ta
147 2039 241 2088 fere
257 2041 435 2087 iftuum
460 2054 589 2103 parte
604 2038 849 2086 lentescere
871 2040 1133 2086 multorum
1154 2041 1188 2065 '⁷
1214 2038 1370 2086 obser-

79 2112 285 2171 vatione,
319 2127 364 2161 et
406 2112 577 2174 judicio
616 2112 859 2161 ferunturz
896 2112 1077 2160 tametfi
1113 2112 1196 2159 sub
1223 2113 1370 2160 noetis

10 2248 11 2253 ¹
79 2189 214 2239 initio
237 2189 398 2237 multis
424 2188 750 2243 accelerentur,
800 2187 876 2235 vel
901 2203 926 2233 a
957 2184 1050 2234 cibi
1080 2186 1370 2236 irritamento

94 2353 120 2363 x

129 2377 163 2403 ¹⁷
194 2377 237 2413 In
267 2385 377 2428 puero
395 2377 467 2414 0520
485 2388 654 2413 annorum
670 2373 813 2421 100,'in
832 2374 1017 2411 dormiente
1033 2383 1170 2410 tantum
1189 2374 1239 2425 89
1263 2388 1378 2412 nume-⁴

77 2438 291 2490 ravipnffus
304 2453 316 2474 .-
343 2442 380 2474 in
387 2445 495 2488 puero
509 2437 662 2474 undecim
680 2450 848 2473 annorum
863 2435 1048 2472 dormiente
1067 2436 1127 2481 80,
1149 2439 1185 2471 in
1199 2436 1378 2485 vigilante

69 2509 155 2534 vero
168 2509 217 2547 90
233 2511 245 2533 .-
272 2507 305 2534 et
332 2501 367 2533 in
388 2497 593 2547 adolescente
620 2496 892 2547 quattuordecim
918 2509 1086 2532 annorum
1101 2494 1290 2532 dormiente
1308 2495 1375 2542 62,

69 2560 106 2594 in
124 2557 302 2607 vigilante
317 2558 362 2595 82
380 2571 443 2594 uno
457 2560 587 2593 minuto
605 2560 764 2609 temporis
773 2560 890 2608 primo
906 2554 1099 2606 observavi
1108 2555 1241 2606 puffits·
1254 2555 1375 2593 Ham-⁵

64 2608 176 2669 berg.
217 2617 365 2668 Phistol.
406 2629 665 2656 Mcchxvu.
720 2617 853 2654 Intuta
878 2627 1005 2654 tamen
1036 2612 1194 2652 omnino
1225 2616 1374 2665 regula,
1444 2621 1452 2628 “

71 2678 174 2729 quod
203 2692 225 2716 a
251 2676 401 2716 somniis
431 2676 772 2716 intercurrentibus
792 2677 920 2726 plures
936 2676 977 2714 in
1009 2673 1232 2723 dormiente,
1261 2674 1373 2712 etiam

4 2766 7 2770 .
73 2750 191 2790 quam
209 2738 249 2778 in
266 2737 465 2791 vigilante,
499 2737 625 2788 pulsus
644 2735 854 2788 aliquando
872 2733 1086 2777 incurrant.

1154 2808 1366 2858 proxime
