1871 3211
423 218 1124 277 SANORUM.
1362 246 1421 294 27

140 361 373 408 Menfi-um
401 360 754 410 continuatione
777 373 822 411 et
845 361 1006 419 modo,
1038 361 1128 409 hoc
1153 360 1424 412 summatim

138 441 242 489 loco
264 439 545 505 scripsimus,

207 604 253 636 2.
288 589 353 636 Et
378 589 574 654 quidem
597 588 754 652 quoad
782 588 1001 651 primam,
1043 588 1088 634 in
1124 603 1267 651 quam
1296 602 1430 636 com-

136 677 300 724 parent
323 677 526 719 aetatem,
551 662 732 710 dietum
773 662 835 709 est
870 661 1046 709 menses
1086 662 1360 725 praecociter
1384 664 1430 710 in

135 735 253 783 locis
301 740 497 795 moveri,
544 754 650 802 quae
690 737 982 802 proximiora
1015 736 1264 800 AEquatori
1305 736 1427 796 sunt,

136 810 365 877 seriusque
389 814 671 877 proximiore
697 814 817 860 Polo
838 830 849 859 ς
892 813 1021 876 quod
1047 813 1245 876 quidem
1263 829 1429 861 vereor

137 902 293 933 annon
320 886 420 935 satis
447 905 558 935 cum
576 887 770 935 veritate
795 887 974 933 dietum
1000 885 1159 934 fuerit.
1218 889 1433 950 Apparet

137 975 339 1023 namque
359 963 614 1024 quamdam
634 975 903 1009 naturarum
925 960 1276 1023 praecocitatem
1301 974 1434 1007 utro-

141 1032 284 1096 bique
310 1035 515 1082 fimiliter
540 1035 722 1090 instare,
761 1034 1018 1096 similesque
1041 1034 1282 1096 utrimque
1323 1050 1433 1080 mu-

140 1104 309 1151 lierum
337 1106 537 1154 habitus.
600 1106 736 1153 Certe
764 1106 1116 1152 Samoiedarum
1143 1106 1432 1168 nuptiaerd-e-

138 1178 264 1234 cimo
291 1194 369 1223 aut
394 1195 519 1225 nono
554 1179 695 1225 etiam
715 1178 865 1225 aetatis
891 1194 1012 1224 anno
1037 1177 1101 1223 sat
1124 1179 1291 1224 multae
1316 1195 1429 1228 con-

140 1249 450 1306 celebrantur,
485 1266 634 1314 neque
676 1266 829 1296 rarum
872 1250 936 1295 est
971 1265 1045 1295 eas
1070 1250 1322 1297 undecimo
1350 1268 1431 1300 aut

140 1320 426 1371 duodecimo
464 1336 672 1370 vertente
702 1331 737 1376 ¹,
777 1322 894 1368 filios
910 1336 1184 1384 procreare:
1227 1322 1434 1374 similiter

141 1409 280 1459 atque
307 1397 615 1445 Malabaricae
639 1410 685 1444 et
710 1397 1030 1455 Calecutanae,
1069 1412 1272 1460 quarum
1297 1400 1433 1448 rarifi-

140 1469 266 1516 {imae
288 1471 470 1533 nuptias
488 1472 537 1518 in
563 1471 819 1518 duodecim
845 1470 990 1534 usque
1012 1486 1157 1517 annos
1182 1471 1424 1532 differunt,

140 1556 193 1589 ut
211 1558 458 1607 propterea
474 1545 704 1592 decennes
723 1558 893 1592 matres
911 1544 1041 1591 illhic
1057 1543 1438 1608 frequentisfimae

140 1615 228 1664 fint
245 1620 281 1664 ².
352 1619 444 1666 Sed
468 1621 639 1683 quibus
673 1633 934 1683 temperato
973 1617 1053 1666 sub
1086 1617 1204 1681 jove
1237 1621 1432 1680 vivitur,

136 1693 394 1740 maturiora
420 1695 521 1741 sunt
546 1695 798 1758 eruptionis
837 1707 1066 1756 tempora,
1093 1692 1267 1741 scilicet
1290 1713 1316 1742 a
1342 1709 1434 1744 ter-

138 1765 207 1821 tio
231 1766 419 1815 decimo
444 1770 502 1815 ad
527 1769 765 1816 decimum
795 1768 1032 1814 oetavum.
1102 1768 1216 1814 Non
1243 1786 1343 1816 rara
1366 1784 1437 1818 ta-

140 1855 248 1886 men
269 1842 551 1902 praecocium
576 1842 879 1889 foeminarum
907 1842 954 1888 in
978 1840 1047 1887 his
1067 1840 1201 1895 locis,
1224 1842 1433 1892 similiter

143 1913 361 1975 exempla
385 1927 572 1960 extant:
611 1913 874 1977 cujusmodi
902 1912 1193 1975 Hombergii
1231 1913 1435 1965 sororem

142 1984 273 2033 fuiffe
298 1986 482 2043 scimus,
530 2004 634 2051 quae
664 2005 787 2035 nono
809 1987 956 2034 aetatis
987 2003 1105 2033 anno
1116 1985 1312 2052 jamque
1336 1991 1437 2039 viro

145 2074 289 2122 nupta
315 2063 330 2087 ³
355 2060 565 2108 sobolem
606 2061 828 2109 ediderat.
901 2062 1074 2123 Neque
1117 2060 1165 2107 in
1203 2063 1435 2112 rarissimis

143 2136 314 2197 puellae
343 2134 567 2194 feruntur,
611 2138 780 2198 quibus
822 2135 1019 2198 septimo
1062 2151 1198 2193 anno,
1244 2151 1291 2185 et
1330 2154 1437 2188 ante

144 2210 302 2265 etiam,
342 2211 639 2273 periodicum
676 2212 855 2277 aliquid
878 2211 1006 2257 omni
1033 2212 1188 2260 mense
1224 2215 1433 2263 extillet:

145 2299 252 2348 quae
289 2283 434 2332 ferme
475 2285 821 2341 rachiticarum,
855 2299 934 2331 aut
970 2301 1131 2331 earum
1155 2285 1276 2344 sunt,
1318 2305 1437 2352 qua·

144 2351 249 2416 rum
290 2359 505 2425 improba
552 2360 615 2408 est
651 2374 899 2425 parentum
932 2361 1174 2419 valetudo,
1230 2376 1276 2410 et
1315 2377 1435 2429 qua-

195 2534 207 2552 ¹
236 2535 326 2573 Mel.
347 2536 501 2582 Interest:
517 2535 578 2579 ,De
598 2535 658 2571 La
671 2534 845 2572 Samoz'ecl.

194 2595 211 2614 ²
241 2593 317 2642 Op.
337 2593 400 2631 cit.
435 2592 554 2632 Tom.
576 2593 648 2631 IX.

190 2655 207 2696 ,³
234 2651 334 2703 Hg'st
351 2654 393 2692 dc
407 2653 556 2693 I’Acad.
575 2653 631 2693 des
646 2653 714 2692 Sci.
728 2653 828 2691 Arm.
851 2664 961 2708 1715.

1340 2727 1447 2760 rum
