<?xml version="1.0" encoding="UTF-8"?>
<!DOCTYPE html PUBLIC "-//W3C//DTD XHTML 1.0 Transitional//EN"
    "http://www.w3.org/TR/xhtml1/DTD/xhtml1-transitional.dtd">
<html xmlns="http://www.w3.org/1999/xhtml" xml:lang="en" lang="en">
 <head>
  <title>
</title>
<meta http-equiv="Content-Type" content="text/html;charset=utf-8" />
  <meta name='ocr-system' content='tesseract 3.04.00' />
  <meta name='ocr-capabilities' content='ocr_page ocr_carea ocr_par ocr_line ocrx_word'/>
</head>
<body>
  <div class='ocr_page' id='page_1' title='image "./devitalibusperio02testuoft_0049.png"; bbox 0 0 1871 3211; ppageno 0'>
   <div class='ocr_carea' id='block_1_1' title="bbox 439 271 1419 343">
    <p class='ocr_par' dir='ltr' id='par_1_1' title="bbox 439 271 1419 343">
     <span class='ocr_line' id='line_1_1' title="bbox 439 271 1419 343; baseline 0.003 -22"><span class='ocrx_word' id='word_1_1' title='bbox 439 271 1143 324; x_wconf 83' lang='lat' dir='ltr'><strong>SANORUM.</strong></span> <span class='ocrx_word' id='word_1_2' title='bbox 1361 293 1419 343; x_wconf 79' lang='lat'>35</span> 
     </span>
    </p>
   </div>
   <div class='ocr_carea' id='block_1_2' title="bbox 128 406 1433 1812">
    <p class='ocr_par' dir='ltr' id='par_1_2' title="bbox 128 406 1433 1812">
     <span class='ocr_line' id='line_1_2' title="bbox 130 406 1421 472; baseline -0.002 -14"><span class='ocrx_word' id='word_1_3' title='bbox 130 412 222 458; x_wconf 82' lang='lat' dir='ltr'>sive</span> <span class='ocrx_word' id='word_1_4' title='bbox 246 424 272 454; x_wconf 86' lang='lat' dir='ltr'>a</span> <span class='ocrx_word' id='word_1_5' title='bbox 295 407 551 472; x_wconf 85' lang='lat' dir='ltr'>sympatico</span> <span class='ocrx_word' id='word_1_6' title='bbox 576 406 780 472; x_wconf 84' lang='lat' dir='ltr'>ejusdem</span> <span class='ocrx_word' id='word_1_7' title='bbox 807 406 1045 463; x_wconf 81' lang='lat' dir='ltr'>consensu,</span> <span class='ocrx_word' id='word_1_8' title='bbox 1088 423 1198 454; x_wconf 88' lang='lat' dir='ltr'>cum</span> <span class='ocrx_word' id='word_1_9' title='bbox 1219 424 1309 455; x_wconf 83' lang='lat' dir='ltr'>non</span> <span class='ocrx_word' id='word_1_10' title='bbox 1339 427 1421 456; x_wconf 75' lang='lat' dir='ltr'>na-</span> 
     </span>
     <span class='ocr_line' id='line_1_3' title="bbox 129 481 1422 546; baseline -0.002 -14"><span class='ocrx_word' id='word_1_11' title='bbox 129 483 286 542; x_wconf 83' lang='lat' dir='ltr'>turali,</span> <span class='ocrx_word' id='word_1_12' title='bbox 319 498 404 530; x_wconf 87' lang='lat' dir='ltr'>nec</span> <span class='ocrx_word' id='word_1_13' title='bbox 430 484 542 531; x_wconf 82' lang='lat' dir='ltr'>dato</span> <span class='ocrx_word' id='word_1_14' title='bbox 570 486 609 530; x_wconf 88' lang='lat' dir='ltr'>ei</span> <span class='ocrx_word' id='word_1_15' title='bbox 630 497 1001 546; x_wconf 83' lang='lat' dir='ltr'>temperamento</span> <span class='ocrx_word' id='word_1_16' title='bbox 1026 481 1332 528; x_wconf 81' lang='lat' dir='ltr'>consentanea</span> <span class='ocrx_word' id='word_1_17' title='bbox 1355 486 1422 530; x_wconf 72' lang='lat' dir='ltr'>al-</span> 
     </span>
     <span class='ocr_line' id='line_1_4' title="bbox 128 556 1423 622; baseline 0.001 -18"><span class='ocrx_word' id='word_1_18' title='bbox 128 558 270 605; x_wconf 86' lang='lat' dir='ltr'>terius</span> <span class='ocrx_word' id='word_1_19' title='bbox 316 556 574 621; x_wconf 86' lang='lat' dir='ltr'>cujuspiam</span> <span class='ocrx_word' id='word_1_20' title='bbox 614 559 758 622; x_wconf 84' lang='lat' dir='ltr'>partis</span> <span class='ocrx_word' id='word_1_21' title='bbox 806 557 1068 613; x_wconf 71' lang='lat' dir='ltr'>affeffione,</span> <span class='ocrx_word' id='word_1_22' title='bbox 1110 557 1275 618; x_wconf 81' lang='lat' dir='ltr'>ingens</span> <span class='ocrx_word' id='word_1_23' title='bbox 1309 559 1423 605; x_wconf 78' lang='lat' dir='ltr'>adeo</span> 
     </span>
     <span class='ocr_line' id='line_1_5' title="bbox 129 630 1423 696; baseline 0.001 -17"><span class='ocrx_word' id='word_1_24' title='bbox 129 630 246 696; x_wconf 86' lang='lat' dir='ltr'>saepe</span> <span class='ocrx_word' id='word_1_25' title='bbox 270 633 500 680; x_wconf 86' lang='lat' dir='ltr'><strong>suboritur</strong></span> <span class='ocrx_word' id='word_1_26' title='bbox 524 648 742 680; x_wconf 88' lang='lat' dir='ltr'>motuum</span> <span class='ocrx_word' id='word_1_27' title='bbox 769 632 816 679; x_wconf 90' lang='lat' dir='ltr'>in</span> <span class='ocrx_word' id='word_1_28' title='bbox 852 631 1063 678; x_wconf 83' lang='lat' dir='ltr'>universo</span> <span class='ocrx_word' id='word_1_29' title='bbox 1087 642 1280 696; x_wconf 79' lang='lat' dir='ltr'>corpore</span> <span class='ocrx_word' id='word_1_30' title='bbox 1308 650 1423 680; x_wconf 82' lang='lat' dir='ltr'>con-</span> 
     </span>
     <span class='ocr_line' id='line_1_6' title="bbox 128 705 1423 770; baseline 0.001 -18"><span class='ocrx_word' id='word_1_31' title='bbox 128 705 292 765; x_wconf 88' lang='lat' dir='ltr'>verfio,</span> <span class='ocrx_word' id='word_1_32' title='bbox 341 721 393 754; x_wconf 89' lang='lat' dir='ltr'>ut</span> <span class='ocrx_word' id='word_1_33' title='bbox 435 708 563 753; x_wconf 82' lang='lat' dir='ltr'>nulla</span> <span class='ocrx_word' id='word_1_34' title='bbox 599 707 650 754; x_wconf 81' lang='lat' dir='ltr'>sit</span> <span class='ocrx_word' id='word_1_35' title='bbox 686 723 810 770; x_wconf 82' lang='lat' dir='ltr'>pars,</span> <span class='ocrx_word' id='word_1_36' title='bbox 853 706 1066 770; x_wconf 4' lang='lat' dir='ltr'>iniquam</span> <span class='ocrx_word' id='word_1_37' title='bbox 1100 707 1330 770; x_wconf 85' lang='lat' dir='ltr'>impetum</span> <span class='ocrx_word' id='word_1_38' title='bbox 1355 707 1423 754; x_wconf 37' lang='lat' dir='ltr'>fa*</span> 
     </span>
     <span class='ocr_line' id='line_1_7' title="bbox 128 780 1428 843; baseline 0.002 -18"><span class='ocrx_word' id='word_1_39' title='bbox 128 793 250 836; x_wconf 87' lang='lat' dir='ltr'>cere,</span> <span class='ocrx_word' id='word_1_40' title='bbox 289 796 463 843; x_wconf 84' lang='lat' dir='ltr'>magno</span> <span class='ocrx_word' id='word_1_41' title='bbox 486 780 700 843; x_wconf 85' lang='lat' dir='ltr'>undique</span> <span class='ocrx_word' id='word_1_42' title='bbox 727 780 937 826; x_wconf 79' lang='lat' dir='ltr'>minante</span> <span class='ocrx_word' id='word_1_43' title='bbox 976 780 1201 842; x_wconf 86' lang='lat' dir='ltr'>periculo,</span> <span class='ocrx_word' id='word_1_44' title='bbox 1245 781 1428 827; x_wconf 72' lang='lat' dir='ltr'>Natura</span> 
     </span>
     <span class='ocr_line' id='line_1_8' title="bbox 128 853 1427 918; baseline 0 -18"><span class='ocrx_word' id='word_1_45' title='bbox 128 854 320 902; x_wconf 88' lang='lat' dir='ltr'>recuset.</span> <span class='ocrx_word' id='word_1_46' title='bbox 393 853 671 918; x_wconf 86' lang='lat' dir='ltr'>Cujusmodi</span> <span class='ocrx_word' id='word_1_47' title='bbox 720 855 1014 902; x_wconf 81' lang='lat' dir='ltr'>incredibilia</span> <span class='ocrx_word' id='word_1_48' title='bbox 1056 870 1174 918; x_wconf 89' lang='lat' dir='ltr'>pene</span> <span class='ocrx_word' id='word_1_49' title='bbox 1211 855 1427 918; x_wconf 80' lang='lat' dir='ltr'>exempla</span> 
     </span>
     <span class='ocr_line' id='line_1_9' title="bbox 130 928 1430 994; baseline 0.001 -18"><span class='ocrx_word' id='word_1_50' title='bbox 130 928 348 994; x_wconf 82' lang='lat' dir='ltr'>frequens</span> <span class='ocrx_word' id='word_1_51' title='bbox 389 931 633 977; x_wconf 62' lang='lat' dir='ltr'>auctorum</span> <span class='ocrx_word' id='word_1_52' title='bbox 675 931 842 978; x_wconf 88' lang='lat' dir='ltr'>cohors</span> <span class='ocrx_word' id='word_1_53' title='bbox 867 930 1092 993; x_wconf 77' lang='lat' dir='ltr'>collegit:</span> <span class='ocrx_word' id='word_1_54' title='bbox 1136 946 1430 994; x_wconf 81' lang='lat' dir='ltr'>quamquam</span> 
     </span>
     <span class='ocr_line' id='line_1_10' title="bbox 131 1004 1429 1068; baseline 0.001 -18"><span class='ocrx_word' id='word_1_55' title='bbox 131 1004 312 1052; x_wconf 84' lang='lat' dir='ltr'>caeteris</span> <span class='ocrx_word' id='word_1_56' title='bbox 332 1005 426 1051; x_wconf 92' lang='lat' dir='ltr'>duo</span> <span class='ocrx_word' id='word_1_57' title='bbox 451 1004 532 1051; x_wconf 78' lang='lat' dir='ltr'>illa</span> <span class='ocrx_word' id='word_1_58' title='bbox 556 1005 692 1051; x_wconf 84' lang='lat' dir='ltr'>facile</span> <span class='ocrx_word' id='word_1_59' title='bbox 727 1004 980 1067; x_wconf 65' lang='lat' dir='ltr'>praestitifl&#39;e</span> <span class='ocrx_word' id='word_1_60' title='bbox 1006 1005 1267 1061; x_wconf 75' lang='lat' dir='ltr'>videantur,</span> <span class='ocrx_word' id='word_1_61' title='bbox 1306 1021 1429 1068; x_wconf 86' lang='lat' dir='ltr'>quo-</span> 
     </span>
     <span class='ocr_line' id='line_1_11' title="bbox 133 1078 1428 1134; baseline 0.002 -10"><span class='ocrx_word' id='word_1_62' title='bbox 133 1093 235 1124; x_wconf 87' lang='lat' dir='ltr'>rum</span> <span class='ocrx_word' id='word_1_63' title='bbox 260 1095 408 1125; x_wconf 90' lang='lat' dir='ltr'>unum</span> <span class='ocrx_word' id='word_1_64' title='bbox 449 1078 599 1125; x_wconf 86' lang='lat' dir='ltr'>edidit</span> <span class='ocrx_word' id='word_1_65' title='bbox 633 1079 880 1126; x_wconf 84' lang='lat' dir='ltr'>Ruischius</span> <span class='ocrx_word' id='word_1_66' title='bbox 901 1078 953 1134; x_wconf 80' lang='lat'>¹⁶,</span> <span class='ocrx_word' id='word_1_67' title='bbox 992 1080 1188 1126; x_wconf 84' lang='lat' dir='ltr'>alterurn</span> <span class='ocrx_word' id='word_1_68' title='bbox 1213 1080 1259 1126; x_wconf 89' lang='lat' dir='ltr'>in</span> <span class='ocrx_word' id='word_1_69' title='bbox 1284 1081 1428 1126; x_wconf 80' lang='lat' dir='ltr'>Boer-</span> 
     </span>
     <span class='ocr_line' id='line_1_12' title="bbox 132 1152 1433 1217; baseline 0.002 -19"><span class='ocrx_word' id='word_1_70' title='bbox 132 1152 371 1199; x_wconf 81' lang='lat' dir='ltr'>haavianis</span> <span class='ocrx_word' id='word_1_71' title='bbox 396 1152 571 1199; x_wconf 88' lang='lat' dir='ltr'>scriniis</span> <span class='ocrx_word' id='word_1_72' title='bbox 609 1167 862 1217; x_wconf 85' lang='lat' dir='ltr'>repertum,</span> <span class='ocrx_word' id='word_1_73' title='bbox 890 1153 1165 1201; x_wconf 87' lang='lat' dir='ltr'>Swietenius</span> <span class='ocrx_word' id='word_1_74' title='bbox 1191 1154 1433 1202; x_wconf 79' lang='lat' dir='ltr'>memoriae</span> 
     </span>
     <span class='ocr_line' id='line_1_13' title="bbox 132 1226 1432 1293; baseline 0.002 -21"><span class='ocrx_word' id='word_1_75' title='bbox 132 1226 363 1288; x_wconf 79' lang='lat' dir='ltr'>prodidit.</span> <span class='ocrx_word' id='word_1_76' title='bbox 438 1227 623 1273; x_wconf 81' lang='lat' dir='ltr'>Primus</span> <span class='ocrx_word' id='word_1_77' title='bbox 663 1228 720 1273; x_wconf 91' lang='lat' dir='ltr'>de</span> <span class='ocrx_word' id='word_1_78' title='bbox 760 1228 917 1290; x_wconf 88' lang='lat' dir='ltr'>puella</span> <span class='ocrx_word' id='word_1_79' title='bbox 962 1228 1087 1274; x_wconf 84' lang='lat' dir='ltr'>casus</span> <span class='ocrx_word' id='word_1_80' title='bbox 1135 1242 1276 1285; x_wconf 82' lang='lat' dir='ltr'>extat,</span> <span class='ocrx_word' id='word_1_81' title='bbox 1325 1245 1432 1293; x_wconf 81' lang='lat' dir='ltr'>quae</span> 
     </span>
     <span class='ocr_line' id='line_1_14' title="bbox 134 1301 1431 1365; baseline 0.001 -17"><span class='ocrx_word' id='word_1_82' title='bbox 134 1317 222 1348; x_wconf 84' lang='lat' dir='ltr'>ceu</span> <span class='ocrx_word' id='word_1_83' title='bbox 245 1318 329 1365; x_wconf 90' lang='lat' dir='ltr'>per</span> <span class='ocrx_word' id='word_1_84' title='bbox 352 1301 553 1348; x_wconf 88' lang='lat' dir='ltr'>totidem</span> <span class='ocrx_word' id='word_1_85' title='bbox 579 1317 699 1347; x_wconf 79' lang='lat' dir='ltr'>nova</span> <span class='ocrx_word' id='word_1_86' title='bbox 723 1302 852 1360; x_wconf 84' lang='lat' dir='ltr'>ostia,</span> <span class='ocrx_word' id='word_1_87' title='bbox 888 1302 1052 1348; x_wconf 84' lang='lat' dir='ltr'>vivum</span> <span class='ocrx_word' id='word_1_88' title='bbox 1073 1304 1205 1349; x_wconf 81' lang='lat' dir='ltr'>limul</span> <span class='ocrx_word' id='word_1_89' title='bbox 1243 1304 1431 1365; x_wconf 80' lang='lat' dir='ltr'>sangui-</span> 
     </span>
     <span class='ocr_line' id='line_1_15' title="bbox 132 1374 1431 1439; baseline 0 -17"><span class='ocrx_word' id='word_1_90' title='bbox 132 1391 241 1422; x_wconf 89' lang='lat' dir='ltr'>nem</span> <span class='ocrx_word' id='word_1_91' title='bbox 266 1374 468 1424; x_wconf 81' lang='lat' dir='ltr'>emmisit</span> <span class='ocrx_word' id='word_1_92' title='bbox 490 1392 572 1439; x_wconf 90' lang='lat' dir='ltr'>per</span> <span class='ocrx_word' id='word_1_93' title='bbox 596 1375 760 1439; x_wconf 80' lang='lat' dir='ltr'>capitis</span> <span class='ocrx_word' id='word_1_94' title='bbox 793 1390 967 1431; x_wconf 82' lang='lat' dir='ltr'>cutem,</span> <span class='ocrx_word' id='word_1_95' title='bbox 1013 1392 1161 1433; x_wconf 83' lang='lat' dir='ltr'>aures,</span> <span class='ocrx_word' id='word_1_96' title='bbox 1204 1394 1272 1433; x_wconf 84' lang='lat' dir='ltr'>os,</span> <span class='ocrx_word' id='word_1_97' title='bbox 1313 1393 1431 1423; x_wconf 90' lang='lat' dir='ltr'>ocu--</span> 
     </span>
     <span class='ocr_line' id='line_1_16' title="bbox 135 1451 1432 1515; baseline 0.001 -18"><span class='ocrx_word' id='word_1_98' title='bbox 135 1451 224 1507; x_wconf 83' lang='lat' dir='ltr'>los,</span> <span class='ocrx_word' id='word_1_99' title='bbox 269 1451 570 1505; x_wconf 84' lang='lat' dir='ltr'>umbilicum,</span> <span class='ocrx_word' id='word_1_100' title='bbox 617 1464 663 1496; x_wconf 85' lang='lat' dir='ltr'>et</span> <span class='ocrx_word' id='word_1_101' title='bbox 707 1467 957 1506; x_wconf 73' lang='lat' dir='ltr'>mammas,</span> <span class='ocrx_word' id='word_1_102' title='bbox 996 1461 1037 1497; x_wconf 85' lang='lat' dir='ltr'>et</span> <span class='ocrx_word' id='word_1_103' title='bbox 1077 1451 1242 1515; x_wconf 77' lang='lat' dir='ltr'>quidem</span> <span class='ocrx_word' id='word_1_104' title='bbox 1273 1468 1323 1497; x_wconf 86' lang='lat' dir='ltr'>ex</span> <span class='ocrx_word' id='word_1_105' title='bbox 1362 1452 1432 1498; x_wconf 76' lang='lat' dir='ltr'>his</span> 
     </span>
     <span class='ocr_line' id='line_1_17' title="bbox 134 1524 1432 1588; baseline 0.001 -16"><span class='ocrx_word' id='word_1_106' title='bbox 134 1534 302 1572; x_wconf 78' lang='lat' dir='ltr'>tantum</span> <span class='ocrx_word' id='word_1_107' title='bbox 313 1524 767 1587; x_wconf 75' lang='lat' dir='ltr'>exiliebatsanguinis‚</span> <span class='ocrx_word' id='word_1_108' title='bbox 785 1536 833 1571; x_wconf 85' lang='lat' dir='ltr'>ut</span> <span class='ocrx_word' id='word_1_109' title='bbox 849 1526 996 1588; x_wconf 69' lang='lat' dir='ltr'>neccffe</span> <span class='ocrx_word' id='word_1_110' title='bbox 1008 1526 1135 1586; x_wconf 81' lang='lat' dir='ltr'>foret</span> <span class='ocrx_word' id='word_1_111' title='bbox 1146 1528 1283 1572; x_wconf 73' lang='lat' dir='ltr'>vitris</span> <span class='ocrx_word' id='word_1_112' title='bbox 1285 1529 1432 1588; x_wconf 75' lang='lat' dir='ltr'>supra</span> 
     </span>
     <span class='ocr_line' id='line_1_18' title="bbox 128 1599 1430 1662; baseline 0.002 -18"><span class='ocrx_word' id='word_1_113' title='bbox 128 1599 346 1661; x_wconf 78' lang='lat' dir='ltr'>papillam</span> <span class='ocrx_word' id='word_1_114' title='bbox 368 1599 592 1661; x_wconf 74' lang='lat' dir='ltr'>impqfitis,</span> <span class='ocrx_word' id='word_1_115' title='bbox 610 1600 891 1661; x_wconf 80' lang='lat' dir='ltr'>profluentem</span> <span class='ocrx_word' id='word_1_116' title='bbox 925 1616 1116 1647; x_wconf 73' lang='lat' dir='ltr'>cruorem</span> <span class='ocrx_word' id='word_1_117' title='bbox 1135 1602 1320 1662; x_wconf 72' lang='lat' dir='ltr'>excz&#39;pc’re</span> <span class='ocrx_word' id='word_1_118' title='bbox 1336 1635 1347 1647; x_wconf 85' lang='lat'><strong>.</strong></span> <span class='ocrx_word' id='word_1_119' title='bbox 1377 1636 1388 1646; x_wconf 89' lang='lat'>.</span> <span class='ocrx_word' id='word_1_120' title='bbox 1417 1635 1430 1647; x_wconf 90' lang='lat'><strong>.</strong></span> 
     </span>
     <span class='ocr_line' id='line_1_19' title="bbox 135 1675 1433 1740; baseline 0 -18"><span class='ocrx_word' id='word_1_121' title='bbox 135 1675 346 1722; x_wconf 85' lang='lat' dir='ltr'>Pertinet</span> <span class='ocrx_word' id='word_1_122' title='bbox 391 1675 504 1721; x_wconf 87' lang='lat' dir='ltr'>alter</span> <span class='ocrx_word' id='word_1_123' title='bbox 536 1675 593 1721; x_wconf 87' lang='lat' dir='ltr'>ad</span> <span class='ocrx_word' id='word_1_124' title='bbox 628 1675 885 1722; x_wconf 80' lang='lat' dir='ltr'>decennem</span> <span class='ocrx_word' id='word_1_125' title='bbox 921 1675 1130 1739; x_wconf 77' lang='lat' dir='ltr'>puellam</span> <span class='ocrx_word' id='word_1_126' title='bbox 1157 1675 1433 1740; x_wconf 82' lang='lat' dir='ltr'>quamdam,</span> 
     </span>
     <span class='ocr_line' id='line_1_20' title="bbox 136 1763 270 1812; baseline 0 -18"><span class='ocrx_word' id='word_1_127' title='bbox 136 1763 270 1812; x_wconf 67' lang='lat' dir='ltr'>cujus</span> 
     </span>
    </p>
   </div>
   <div class='ocr_carea' id='block_1_3' title="bbox 186 1840 1384 2190">
    <p class='ocr_par' dir='ltr' id='par_1_3' title="bbox 186 1840 1353 2000">
     <span class='ocr_line' id='line_1_21' title="bbox 207 1840 1353 1924; baseline 0.001 -2"><span class='ocrx_word' id='word_1_128' title='bbox 207 1840 256 1880; x_wconf 66' lang='lat'>..³¹</span> <span class='ocrx_word' id='word_1_129' title='bbox 937 1884 964 1911; x_wconf 39' lang='grc' dir='ltr'>’ἦ</span> <span class='ocrx_word' id='word_1_130' title='bbox 995 1881 1152 1924; x_wconf 87' lang='lat' dir='ltr'>Omnia</span> <span class='ocrx_word' id='word_1_131' title='bbox 1171 1882 1353 1923; x_wconf 86' lang='lat' dir='ltr'>membra</span> 
     </span>
     <span class='ocr_line' id='line_1_22' title="bbox 186 1944 1102 2000; baseline 0.001 -13"><span class='ocrx_word' id='word_1_132' title='bbox 186 1944 365 1987; x_wconf 87' lang='lat' dir='ltr'>Emisere</span> <span class='ocrx_word' id='word_1_133' title='bbox 387 1945 504 1989; x_wconf 79' lang='lat' dir='ltr'>simul</span> <span class='ocrx_word' id='word_1_134' title='bbox 537 1946 744 1987; x_wconf 82' lang='lat' dir='ltr'>rutilatum</span> <span class='ocrx_word' id='word_1_135' title='bbox 765 1946 957 2000; x_wconf 78' lang='lat' dir='ltr'>sanguine</span> <span class='ocrx_word' id='word_1_136' title='bbox 978 1950 1102 1988; x_wconf 83' lang='lat' dir='ltr'>virus.</span> 
     </span>
    </p>

    <p class='ocr_par' dir='ltr' id='par_1_4' title="bbox 190 2008 1384 2190">
     <span class='ocr_line' id='line_1_23' title="bbox 192 2008 1384 2066; baseline 0.003 -17"><span class='ocrx_word' id='word_1_137' title='bbox 192 2008 370 2065; x_wconf 80' lang='lat' dir='ltr'>Sanguis</span> <span class='ocrx_word' id='word_1_138' title='bbox 393 2022 508 2051; x_wconf 81' lang='lat' dir='ltr'>erant</span> <span class='ocrx_word' id='word_1_139' title='bbox 527 2011 728 2052; x_wconf 78' lang='lat' dir='ltr'>lacrimae:</span> <span class='ocrx_word' id='word_1_140' title='bbox 762 2024 1032 2066; x_wconf 83' lang='lat' dir='ltr'>quaecumque</span> <span class='ocrx_word' id='word_1_141' title='bbox 1053 2013 1251 2052; x_wconf 82' lang='lat' dir='ltr'>foramina</span> <span class='ocrx_word' id='word_1_142' title='bbox 1269 2011 1384 2053; x_wconf 82' lang='lat' dir='ltr'>novit</span> 
     </span>
     <span class='ocr_line' id='line_1_24' title="bbox 191 2071 1346 2129; baseline 0.003 -17"><span class='ocrx_word' id='word_1_143' title='bbox 191 2071 368 2124; x_wconf 85' lang='lat' dir='ltr'>Humor,</span> <span class='ocrx_word' id='word_1_144' title='bbox 390 2073 437 2114; x_wconf 85' lang='lat' dir='ltr'>ab</span> <span class='ocrx_word' id='word_1_145' title='bbox 459 2075 520 2114; x_wconf 85' lang='lat' dir='ltr'>his</span> <span class='ocrx_word' id='word_1_146' title='bbox 537 2074 672 2129; x_wconf 78' lang='lat' dir='ltr'>largus</span> <span class='ocrx_word' id='word_1_147' title='bbox 694 2083 833 2114; x_wconf 78' lang='lat' dir='ltr'>manat</span> <span class='ocrx_word' id='word_1_148' title='bbox 853 2087 996 2115; x_wconf 83' lang='lat' dir='ltr'>cruor:</span> <span class='ocrx_word' id='word_1_149' title='bbox 1031 2089 1101 2114; x_wconf 84' lang='lat' dir='ltr'>ora</span> <span class='ocrx_word' id='word_1_150' title='bbox 1121 2075 1346 2116; x_wconf 80' lang='lat' dir='ltr'>redundant</span> 
     </span>
     <span class='ocr_line' id='line_1_25' title="bbox 190 2135 1212 2190; baseline 0.001 -14"><span class='ocrx_word' id='word_1_151' title='bbox 190 2135 246 2176; x_wconf 83' lang='lat' dir='ltr'>Et</span> <span class='ocrx_word' id='word_1_152' title='bbox 268 2135 413 2188; x_wconf 83' lang='lat' dir='ltr'>patulae</span> <span class='ocrx_word' id='word_1_153' title='bbox 437 2151 578 2178; x_wconf 81' lang='lat' dir='ltr'>nares:</span> <span class='ocrx_word' id='word_1_154' title='bbox 610 2136 725 2176; x_wconf 81' lang='lat' dir='ltr'>sudor</span> <span class='ocrx_word' id='word_1_155' title='bbox 746 2137 863 2176; x_wconf 84' lang='lat' dir='ltr'>rubet</span> <span class='ocrx_word' id='word_1_156' title='bbox 883 2151 891 2176; x_wconf 93' lang='lat'>:</span> <span class='ocrx_word' id='word_1_157' title='bbox 927 2136 1065 2177; x_wconf 76' lang='lat' dir='ltr'>omnia</span> <span class='ocrx_word' id='word_1_158' title='bbox 1086 2137 1212 2190; x_wconf 80' lang='lat' dir='ltr'>plenis</span> 
     </span>
    </p>
   </div>
   <div class='ocr_carea' id='block_1_4' title="bbox 195 2195 1381 2258">
    <p class='ocr_par' dir='ltr' id='par_1_5' title="bbox 195 2195 1381 2258">
     <span class='ocr_line' id='line_1_26' title="bbox 195 2195 1381 2258; baseline 0.004 -18"><span class='ocrx_word' id='word_1_159' title='bbox 195 2195 388 2242; x_wconf 81' lang='lat' dir='ltr'>Membra</span> <span class='ocrx_word' id='word_1_160' title='bbox 410 2201 543 2243; x_wconf 84' lang='lat' dir='ltr'>fluunt</span> <span class='ocrx_word' id='word_1_161' title='bbox 562 2202 675 2242; x_wconf 81' lang='lat' dir='ltr'>venis</span> <span class='ocrx_word' id='word_1_162' title='bbox 693 2216 701 2241; x_wconf 88' lang='grc'>;</span> <span class='ocrx_word' id='word_1_163' title='bbox 727 2211 859 2242; x_wconf 83' lang='lat' dir='ltr'>totum</span> <span class='ocrx_word' id='word_1_164' title='bbox 875 2201 930 2242; x_wconf 89' lang='lat' dir='ltr'>est</span> <span class='ocrx_word' id='word_1_165' title='bbox 944 2217 1016 2255; x_wconf 89' lang='lat' dir='ltr'>pro</span> <span class='ocrx_word' id='word_1_166' title='bbox 1033 2202 1196 2243; x_wconf 85' lang='lat' dir='ltr'>vulnere</span> <span class='ocrx_word' id='word_1_167' title='bbox 1218 2216 1381 2258; x_wconf 81' lang='lat' dir='ltr'>eorpus.</span> 
     </span>
    </p>
   </div>
   <div class='ocr_carea' id='block_1_5' title="bbox 139 2324 1464 2542">
    <p class='ocr_par' dir='ltr' id='par_1_6' title="bbox 139 2324 1464 2542">
     <span class='ocr_line' id='line_1_27' title="bbox 141 2324 1435 2390; baseline 0.004 -19"><span class='ocrx_word' id='word_1_168' title='bbox 141 2324 295 2387; x_wconf 80' lang='lat' dir='ltr'>Atqui</span> <span class='ocrx_word' id='word_1_169' title='bbox 318 2324 518 2372; x_wconf 80' lang='lat' dir='ltr'>insolitas</span> <span class='ocrx_word' id='word_1_170' title='bbox 538 2325 764 2390; x_wconf 81' lang='lat' dir='ltr'>ejusmodi</span> <span class='ocrx_word' id='word_1_171' title='bbox 791 2325 1165 2373; x_wconf 67' lang='lat' dir='ltr'>menstruationis</span> <span class='ocrx_word' id='word_1_172' title='bbox 1190 2328 1288 2374; x_wconf 86' lang='lat' dir='ltr'>vias</span> <span class='ocrx_word' id='word_1_173' title='bbox 1313 2341 1435 2389; x_wconf 79' lang='lat' dir='ltr'>prae-</span> 
     </span>
     <span class='ocr_line' id='line_1_28' title="bbox 139 2391 1464 2464; baseline 0.003 -20"><span class='ocrx_word' id='word_1_174' title='bbox 139 2399 314 2461; x_wconf 84' lang='lat' dir='ltr'>pedire,</span> <span class='ocrx_word' id='word_1_175' title='bbox 341 2416 530 2462; x_wconf 86' lang='lat' dir='ltr'>quaqua</span> <span class='ocrx_word' id='word_1_176' title='bbox 547 2414 677 2463; x_wconf 83' lang='lat' dir='ltr'>parte</span> <span class='ocrx_word' id='word_1_177' title='bbox 697 2401 824 2455; x_wconf 82' lang='lat' dir='ltr'>fiant,</span> <span class='ocrx_word' id='word_1_178' title='bbox 855 2400 1047 2463; x_wconf 81' lang='lat' dir='ltr'>periculi</span> <span class='ocrx_word' id='word_1_179' title='bbox 1067 2417 1138 2447; x_wconf 90' lang='lat' dir='ltr'>res</span> <span class='ocrx_word' id='word_1_180' title='bbox 1157 2401 1220 2447; x_wconf 88' lang='lat' dir='ltr'>est</span> <span class='ocrx_word' id='word_1_181' title='bbox 1236 2401 1437 2464; x_wconf 82' lang='lat' dir='ltr'>pleniffi-</span> <span class='ocrx_word' id='word_1_182' title='bbox 1452 2391 1464 2401; x_wconf 58' lang='lat'><strong><em>⁹</em></strong></span> 
     </span>
     <span class='ocr_line' id='line_1_29' title="bbox 141 2475 1438 2542; baseline 0.005 -23"><span class='ocrx_word' id='word_1_183' title='bbox 141 2490 218 2520; x_wconf 85' lang='lat' dir='ltr'>ma</span> <span class='ocrx_word' id='word_1_184' title='bbox 241 2490 251 2519; x_wconf 91' lang='lat'>:</span> <span class='ocrx_word' id='word_1_185' title='bbox 290 2475 416 2538; x_wconf 77' lang='lat' dir='ltr'>quod</span> <span class='ocrx_word' id='word_1_186' title='bbox 442 2475 671 2523; x_wconf 69' lang='lat' dir='ltr'>Leonidae</span> <span class='ocrx_word' id='word_1_187' title='bbox 688 2476 777 2523; x_wconf 85' lang='lat' dir='ltr'>Fil.</span> <span class='ocrx_word' id='word_1_188' title='bbox 800 2476 1000 2525; x_wconf 81' lang='lat' dir='ltr'>accidit:</span> <span class='ocrx_word' id='word_1_189' title='bbox 1026 2492 1079 2524; x_wconf 82' lang='lat' dir='ltr'>ea</span> <span class='ocrx_word' id='word_1_190' title='bbox 1103 2476 1330 2542; x_wconf 81' lang='lat' dir='ltr'>siquidem</span> <span class='ocrx_word' id='word_1_191' title='bbox 1355 2494 1438 2524; x_wconf 82' lang='lat' dir='ltr'>na-</span> 
     </span>
    </p>
   </div>
   <div class='ocr_carea' id='block_1_6' title="bbox 191 2679 1443 2852">
    <p class='ocr_par' dir='ltr' id='par_1_7' title="bbox 191 2679 1443 2852">
     <span class='ocr_line' id='line_1_30' title="bbox 191 2679 879 2734; baseline 0.004 -15"><span class='ocrx_word' id='word_1_192' title='bbox 191 2679 221 2702; x_wconf 76' lang='lat'>⁵⁶</span> <span class='ocrx_word' id='word_1_193' title='bbox 250 2683 354 2719; x_wconf 63' lang='lat' dir='ltr'>Adv.</span> <span class='ocrx_word' id='word_1_194' title='bbox 375 2683 489 2720; x_wconf 64' lang='lat' dir='ltr'>Anaff.</span> <span class='ocrx_word' id='word_1_195' title='bbox 512 2684 650 2720; x_wconf 69' lang='lat' dir='ltr'>Decad.</span> <span class='ocrx_word' id='word_1_196' title='bbox 669 2688 706 2722; x_wconf 81' lang='lat' dir='ltr'>in</span> <span class='ocrx_word' id='word_1_197' title='bbox 725 2683 809 2734; x_wconf 75' lang='lat' dir='ltr'>Obs.</span> <span class='ocrx_word' id='word_1_198' title='bbox 829 2684 879 2722; x_wconf 73' lang='lat' dir='ltr'>iii.</span> 
     </span>
     <span class='ocr_line' id='line_1_31' title="bbox 191 2744 714 2795; baseline 0.008 -15"><span class='ocrx_word' id='word_1_199' title='bbox 191 2745 213 2765; x_wconf 53' lang='grc' dir='ltr'>Ἐ</span> <span class='ocrx_word' id='word_1_200' title='bbox 244 2745 338 2781; x_wconf 78' lang='lat' dir='ltr'>Luc.</span> <span class='ocrx_word' id='word_1_201' title='bbox 367 2744 502 2795; x_wconf 74' lang='lat' dir='ltr'><em>Phws.</em></span> <span class='ocrx_word' id='word_1_202' title='bbox 541 2745 714 2784; x_wconf 71' lang='lat' dir='ltr'>Lib-IX.</span> 
     </span>
     <span class='ocr_line' id='line_1_32' title="bbox 711 2805 1443 2852; baseline -0.001 0"><span class='ocrx_word' id='word_1_203' title='bbox 711 2807 755 2852; x_wconf 91' lang='lat' dir='ltr'>D</span> <span class='ocrx_word' id='word_1_204' title='bbox 797 2823 820 2852; x_wconf 84' lang='lat'>2</span> <span class='ocrx_word' id='word_1_205' title='bbox 1317 2805 1443 2852; x_wconf 79' lang='lat' dir='ltr'>rium</span> 
     </span>
    </p>
   </div>
  </div>
 </body>
</html>
