1871 3211
377 232 1067 285 SANORUM.
1309 243 1371 291 59

76 379 336 445 pinquitate
354 375 548 441 junsiae,
575 391 656 438 eos
678 373 881 421 maxime
903 370 1092 419 morbos
1114 369 1372 426 imitantur,

12 500 13 507 ,
79 455 162 518 qui
188 452 283 517 ejus
305 449 494 515 tempefl
506 448 590 494 aris
623 449 713 495 effe
738 447 900 494 solent.

151 615 226 648 11.
266 600 510 647 Creditum
537 597 732 662 quidem
777 595 893 641 olim
936 592 1016 648 est,
1063 608 1120 638 ex
1156 602 1381 654 quattuor

84 676 378 730 humoribus,
406 675 578 739 quibus
607 671 884 718 animalium
905 668 1018 722 vita,
1056 664 1381 727 Antiquorum

72 747 258 813 judicio
281 748 537 803 constabat,
574 762 737 792 eorum
765 756 1155 805 unumquemque
1182 737 1270 783 suae
1290 736 1382 782 fin-

6 840 7 846 *
81 823 574 888 gulatim=te1npestati
606 836 896 884 congruere:
947 815 1075 879 quod
1108 812 1383 860 arbitrantes

83 899 131 950 in
163 915 220 946 eo
256 898 512 963 peccavisse
560 897 797 953 videntur,
845 891 973 957 quod
1012 889 1214 936 nimium
1238 903 1385 950 quam

81 974 406 1038 opportuiffet,
456 986 669 1019 accurate
703 988 801 1018 rem
844 964 1222 1015 circumscribere
1249 979 1384 1008 cura-

84 1049 252 1096 verint.
320 1050 467 1112 Quod
489 1047 756 1095 subtilitatis
777 1042 1090 1106 injudicando
1107 1055 1271 1102 genus,
1289 1037 1385 1083 uti-

84 1123 208 1170 libus
235 1121 722 1170 animadversionibus
750 1118 1047 1167 Medicinam
1073 1114 1191 1175 saepe
1230 1110 1386 1174 priva-

81 1198 193 1247 visse
213 1198 447 1245 existimo.
521 1198 660 1243 Certe
687 1194 790 1243 suos
816 1191 1020 1256 quodvis
1038 1188 1169 1236 Anni
1198 1199 1386 1248 tempus

88 1274 279 1320 morbos
297 1273 454 1324 videt3
492 1287 574 1316 ver
594 1271 727 1324 aiios,
767 1267 971 1329 aliosque
996 1265 1143 1318 aestas,
1184 1260 1390 1323 aliosque

90 1347 313 1411 deinceps
355 1360 622 1399 autumnus,
670 1355 716 1388 et
764 1341 930 1387 hiems.
1004 1337 1081 1383 Sic
1133 1334 1392 1396 Hemoph-

89 1422 213 1478 uses,
262 1421 456 1475 Phtises,
512 1433 558 1466 et
606 1418 771 1482 primae
812 1414 1044 1476 Podagrae
1106 1411 1387 1459 accessiones

92 1496 409 1545 conterminos
434 1495 593 1549 hiemi,
621 1491 743 1538 veris
768 1490 868 1537 dies
892 1489 1175 1552 plerumque
1213 1495 1392 1536 tenent,

95 1573 227 1629 item,
255 1585 302 1618 et
322 1570 686 1625 Exanthemata,
725 1581 770 1614 et
795 1565 916 1612 cutis
934 1559 1234 1625 Aspredines,
1260 1573 1395 1604 nem-

94 1664 169 1712 pe,
199 1659 252 1693 ut
277 1645 342 1693 ait
374 1644 554 1700 Celsus,
598 1642 680 1707 qui
707 1641 753 1688 in
794 1656 841 1687 re
875 1638 956 1685 ista
989 1651 1173 1685 merum
1198 1633 1395 1696 Hippo-

97 1735 271 1771 cratem
313 1719 605 1783 transcripsit,
661 1728 956 1781 quaecunque
1001 1708 1216 1761 humoris
1263 1718 1396 1754 motu

100 1810 352 1852 novantur,

279 1920 407 1962 Simul
429 1934 474 1960 ac
498 1919 643 1974 species
666 1913 862 1971 patefa&a
878 1911 934 1954 est
949 1924 1072 1952 verna
1094 1909 1189 1959 diei,

105 2059 152 2104 in
178 2067 310 2101 metu
335 2051 423 2099 effe
449 2050 626 2097 solent:
676 2043 985 2106 Schrophulae
1022 2041 1154 2096 item,
1193 2050 1238 2083 et
1260 2039 1395 2101 peffi-

106 2147 184 2179 ma
210 2144 369 2176 earum
393 2126 549 2172 ulcera
570 2122 654 2169 sub
672 2134 780 2168 vere
804 2117 921 2182 saepe
948 2115 1197 2179 incipiunt,
1231 2125 1276 2158 et
1298 2112 1401 2159 suc-

108 2206 302 2256 cedente
325 2201 479 2251 aestate
505 2200 736 2252 sanantur,
776 2195 1037 2257 eademque
1074 2189 1168 2238 fere
1205 2188 1401 2244 ratione,

107 2279 413 2344 subsequente
433 2278 592 2330 Anno,
631 2273 787 2319 denuo
804 2279 1044 2333 apparent,
1088 2278 1133 2311 et
1157 2263 1403 2311 sanantur:

111 2356 287 2403 Febres
304 2352 466 2408 etiam,
509 2366 624 2415 quas
643 2343 962 2410 depuratorias
981 2339 1118 2388 multi
1146 2337 1404 2392 nominant,

111 2429 245 2493 quod
291 2426 429 2475 facile
475 2425 519 2472 in
553 2422 797 2474 sanitatem
835 2431 1001 2464 natura
1039 2414 1117 2461 sua
1156 2410 1407 2470 transeunt,

111 2520 195 2566 per
218 2516 386 2549 vernos
411 2498 615 2546 maxime
640 2495 737 2543 dies
763 2505 1010 2555 vagantur.
1083 2488 1279 2541 Contra,
1325 2502 1410 2548 per

113 2577 318 2627 ‘aestatem
337 2575 549 2621 ardentes
563 2571 752 2625 Febres,
774 2565 975 2614 Cholera
990 2562 1203 2619 morbus,
1222 2559 1408 2622 Dysen-

101 2642 259 2712 ’teriam
297 2653 475 2705 Fluxus
499 2646 693 2703 ventri‘S,
730 2654 999 2705 magnaque
1018 2637 1294 2687 morborum
1326 2648 1410 2678 co-

1285 2709 1411 2770 hors,
