1871 3211
524 216 588 260 30
753 212 867 261 DE
920 210 1552 260 VIT.PERIOD.

715 352 833 394 Adeo
854 355 957 395 fausta
976 354 1032 396 est
1052 360 1162 405 κτεὶς,
1191 352 1410 414 είῖεὲὶαςαε
1431 352 1547 393 tellus

571 416 656 457 Vix
675 418 862 458 animalia
884 434 1003 472 parva
1022 428 1145 469 creat,
1175 433 1265 472 quae
1289 419 1434 460 cundia
1453 419 1606 459 creavit

572 479 713 532 Saecla,
734 482 921 533 deditque
940 481 1115 523 ferarum
1134 480 1314 534 ingentia
1333 495 1501 535 corpora
1521 490 1635 534 partu
1656 485 1688 522 ‘-

519 613 680 675 Qare
719 614 797 660 vix
837 611 1079 661 credibilia
1102 612 1222 670 sunt,
1255 628 1360 676 quae
1392 610 1450 659 de
1475 610 1648 658 Orestis
1689 625 1795 657 cor-

515 701 631 748 pore
668 687 827 734 cubita
862 688 1036 749 septem
1082 678 1387 750 longitudinis
1434 685 1650 741 habente,
1690 698 1798 747 quae

514 756 691 805 faciunt
713 761 854 823 pedes
872 762 971 808 XII
1000 775 1107 815 cum
1128 760 1395 823 quadrante,
1418 757 1617 805 narravit
1636 759 1797 804 Hero-

513 831 651 878 dotus
670 836 703 888 ²,
741 846 819 879 aut
843 849 949 897 quae
975 828 1032 880 de
1068 833 1264 881 Nestore
1280 832 1479 898 jamque
1502 832 1689 878 tertiam
1712 831 1794 878 ho·
1851 832 1855 833 ⁷

514 904 697 951 minum
719 917 906 954 aetatem
925 908 1128 964 vivente,
1149 923 1256 954 cum
1277 907 1402 955 bello
1421 905 1648 953 intereffet
1668 907 1795 953 Tro-

503 974 643 1042 jano,
672 977 843 1042 scripsit
867 981 1123 1035 Homerus.
1172 968 1174 974 λ
1671 985 1677 996 “

578 1138 640 1185 3
681 1126 986 1195 Qamquam
1018 1146 1072 1176 ex
1113 1128 1419 1197 antiquissima
1442 1108 1794 1198 vulneratorum

513 1197 779 1260 Diaetetica,
823 1202 968 1275 cujus
996 1198 1234 1276 Homerus
1267 1201 1498 1258 meminit,
1536 1201 1636 1248 reOr
1659 1197 1794 1264 equi.-

511 1274 619 1320 dem
665 1280 944 1339 praeclarum
982 1268 1031 1324 1d
1068 1296 1213 1340 genus
1252 1278 1380 1324 homi
1372 1293 1514 1332 num,
1553 1271 1793 1323 stomacho

511 1359 617 1403 ante
655 1365 738 1395 nos
779 1353 929 1416 multo
953 1352 1220 1414 praestitisse,
1261 1351 1430 1415 quibus
1453 1362 1700 1414 propterea
1739 1365 1794 1397 ea

509 1403 660 1466 vietus
687 1435 732 1469 et
750 1410 1200 1472 medicamentomm
1221 1440 1399 1493 norma,
1424 1440 1567 1493 quam
1585 1416 1791 1477 nostrum

510 1507 651 1540 nemo
671 1483 803 1561 facile
822 1497 1058 1565 perferr,et
1089 1497 1287 1546 sanando
1305 1497 1553 1562 prodeffet.
1581 1495 1658 1543 Sic
1672 1491 1790 1560 Μα-

509 1565 698 1624 chaoni,
740 1585 849 1629 cum
881 1570 1057 1618 saucius
1083 1587 1107 1616 e
1131 1588 1290 1635 pugna
1314 1570 1531 1626 rediiflet,
1572 1569 1790 1619 oblatum

508 1639 572 1684 est
596 1654 675 1684 vas
702 1642 812 1688 vino
850 1644 1103 1706 plenum,
1093 1662 1138 1690 m
1175 1662 1276 1713 quo
1310 1645 1574 1692 trituratum
1605 1632 1790 1702 caseum

505 1710 767 1772 caprinum,
832 1717 1145 1780 plurimasque
1192 1707 1355 1764 farinas
1403 1715 1583 1764 Mulier
1629 1715 1788 1763 similis

504 1779 680 1829 deabus
728 1786 995 1837 miscuerat:
1055 1787 1311 1851 cujusmodi
1357 1788 1550 1852 quidem
1591 1784 1787 1848 remedii

495 1854 727 1912 'delectus‚
771 1859 985 1907 adversus
1034 1857 1264 1922 sanguinis
1315 1860 1361 1905 in
1399 1859 1552 1905 saucio
1595 1841 1786 1912 homme

503 1926 828 2001 profluvium,
847 1933 928 1979 vix
962 1898 1142 1980 adhuct>
1139 1933 1270 1980 nobis
1297 1932 1634 1997 improbandus
1658 1932 1784 1989 effer,

502 2001 689 2049 mitiore
715 2017 872 2067 tamen
909 2003 1099 2052 consilio
1133 2004 1391 2071 usurpatus.
1463 2006 1556 2053 Sed
1588 2023 1642 2053 ea
1664 2006 1782 2053 anti·
1808 1996 1812 2005 ¹

501 2075 662 2137 quitus
696 2074 913 2126 medendi
953 2080 1067 2127 ratio
1104 2080 1382 2137 invaluerat,
1428 2094 1479 2127 ut
1519 2078 1783 2143 pharmacis

502 2162 547 2193 et
574 2148 889 2207 incisionibus,
911 2153 1146 2214 magnoin
1173 2166 1417 2215 utramque
1435 2166 1613 2215 partem
1631 2169 1782 2221 aegro-

502 2221 638 2267 tantis
679 2236 725 2269 et
752 2220 933 2271 Medici
976 2226 1148 2281 animo,
1191 2226 1323 2271 suum
1362 2226 1464 2272 fier
1464 2241 1490 2271 t
1537 2224 1780 2272 confestim

500 2295 665 2340 morbo
693 2295 948 2357 judicium,
994 2296 1212 2344 consueto
1239 2310 1394 2344 tamen
1430 2299 1557 2344 vicilu
1581 2297 1776 2355 lervato,

501 2381 558 2410 ne
581 2368 808 2416 obeundis
833 2369 1034 2417 civitatis
1070 2370 1267 2434 negotiis
1304 2370 1641 2433 impedimento
1658 2370 1779 2438 Me-

549 2556 562 2573 ¹
591 2557 748 2596 Lucret.
765 2560 807 2595 de
824 2562 917 2598 Nat.
936 2565 1026 2601 Rer-

508 2609 514 2615 ’
544 2615 562 2656 ἓ
589 2615 706 2653 Conf.
741 2617 829 2655 Aul.
849 2621 937 2658 Gell.
961 2621 1069 2660 Noa.
1088 2621 1171 2659 Act.
1202 2619 1290 2658 Lib.
1308 2620 1378 2660 ΠΙ.
1398 2635 1480 2672 cap.
1497 2618 1551 2660 x?
1621 2670 1665 2717 d·
1702 2671 1710 2679 ι

1656 2687 1776 2719 lelna
