1923 3294
516 297 567 343 :iv
801 292 1522 346 LECTORI.

519 419 724 475 {imiliter
747 446 802 476 ex
823 428 1029 493 compari
1050 429 1225 476 externi
1255 426 1496 490 Principii,
1532 422 1798 489 cujuscum-

519 517 612 563 que
637 501 832 549 demum
856 517 1029 549 naturae
1054 503 1121 558 fit,
1164 503 1222 549 ab
1257 501 1455 548 externis
1496 502 1542 547 in
1566 501 1799 546 internum

521 575 782 622 Hominem
814 576 1027 639 appulsu,
1055 576 1167 622 alter
1202 577 1403 638 impetus
1421 575 1544 622 Vitae
1567 573 1682 621 ordo
1705 569 1800 617 ori-

520 659 612 707 tur,
649 649 892 713 omnisque
934 649 1062 705 Vita,
1113 648 1349 711 reciproca
1400 663 1559 695 eorum
1611 643 1803 692 actionis

469 739 483 767 κ.
520 723 811 771 consensione
836 723 1030 785 regiturv

589 862 675 908 IV.
711 863 790 909 Ad
816 880 922 926 quae
943 878 1121 916 eorum,
1149 876 1253 923 quae
1277 862 1388 908 Vita
1411 859 1666 923 privantur,
1695 872 1804 905 cum

522 935 591 980 his
615 952 720 998 quae
742 936 925 992 vivunt,
968 934 1230 983 manifestas
1256 929 1456 981 ¹aftionis
1482 931 1806 980 similitudines

523 1007 640 1070 saepe
660 1011 961 1072 congregavi.
1029 1012 1278 1072 Qantum
1305 1009 1481 1055 etenim
1519 1007 1679 1063 vivens
1705 1022 1810 1052 cor-

525 1099 630 1143 pus,
650 1084 986 1130 automaticum
1012 1084 1239 1147 quodam,
1265 1097 1310 1129 et
1336 1084 1416 1130 fibi
1435 1083 1673 1145 proprium
1699 1079 1810 1126 affi-

523 1154 623 1199 onis
639 1172 784 1214 genus
800 1170 969 1210 exerat,
991 1157 1119 1218 quod
1140 1156 1342 1202 similiter
1357 1156 1607 1201 inanimata
1625 1153 1812 1215 reliqua

526 1223 720 1283 faciunt,
763 1227 808 1271 in
834 1227 1005 1289 quibus
1046 1243 1164 1271 unus
1204 1225 1265 1270 est
1290 1225 1480 1271 aftionis
1515 1225 1668 1271 omnis
1695 1240 1812 1272 con-

525 1295 693 1353 sensus,
720 1300 927 1345 constans
954 1315 1010 1344 ex
1034 1298 1273 1346 indefinita
1307 1300 1544 1346 aftionum
1570 1299 1698 1355 serie,
1719 1299 1811 1345 fin-

526 1369 745 1432 gularum
766 1370 983 1432 partium,
1010 1371 1182 1432 quibus
1224 1387 1275 1416 ea
1300 1384 1662 1434 componuntur,
1692 1387 1812 1434 qua-

526 1458 726 1506 rumque
747 1459 840 1489 non
866 1443 1029 1489 eadem
1054 1443 1101 1488 in
1127 1443 1343 1489 omnibus
1369 1456 1532 1490 natura
1558 1442 1637 1498 est,
1661 1460 1813 1507 quan-

527 1525 643 1571 tum,
671 1516 876 1580 inquam,
894 1518 1078 1581 propria
1096 1518 1312 1581 quaedam
1334 1517 1520 1574 interfit,
1542 1531 1589 1564 et
1608 1518 1813 1581 fingula·

528 1589 589 1634 ris
607 1589 805 1635 viventis
823 1591 1025 1653 corporis
1046 1592 1181 1646 actio,
1206 1591 1349 1636 [instat
1364 1605 1520 1637 tamen
1540 1591 1676 1647 ratio,
1697 1592 1814 1639 illud

527 1661 735 1723 partibus
759 1663 898 1718 effici,
941 1680 1048 1726 quae
1087 1664 1354 1726 priusquam
1396 1665 1440 1710 in
1462 1665 1623 1711 vivens
1647 1681 1813 1729 corpus

530 1736 754 1798 ingressae,
787 1737 1167 1794 irritabilitatem,
1197 1737 1572 1795 Senfibilitatem‚
1610 1739 1812 1803 aliaque,

529 1824 639 1871 quae
675 1811 862 1873 propius
903 1812 960 1857 ad
1001 1812 1162 1858 Vitam
1186 1813 1430 1874 pertinent,
1474 1828 1582 1859 cum
1607 1813 1718 1878 Vita
1740 1813 1817 1861 su-

529 1894 676 1938 mant,
717 1883 853 1930 instar
871 1884 1156 1947 reliquarum
1192 1885 1294 1942 fint,
1331 1902 1438 1949 quae
1464 1887 1619 1934 animo
1642 1900 1815 1945 carent,

531 1955 810 2018 easdemque
830 1958 1154 2004 mutabilitatis
1187 1959 1412 2006 universae
1436 1960 1644 2006 materiei
1668 1961 1813 2024 leges,

531 2030 657 2076 Vitae
677 2031 816 2077 etiam
842 2032 1137 2080 inservientes
1160 2034 1399 2080 retineant.

597 2163 657 2207 V.
695 2163 747 2208 In
773 2163 840 2209 his
866 2173 1018 2210 tamen
1049 2164 1203 2211 verbis
1244 2165 1453 2220 fortaffis,
1496 2165 1742 2229 plusquam
1766 2182 1814 2213 re

531 2232 664 2280 facile
701 2237 766 2283 est
790 2252 967 2283 errare:
1006 2238 1134 2299 quod
1169 2238 1321 2300 culpae
1353 2254 1498 2300 genus
1523 2239 1683 2285 multis
1707 2256 1813 2286 ver-

531 2306 658 2362 titur,
701 2307 842 2371 iisque
862 2309 1104 2372 imprimis,
1143 2309 1225 2371 qui
1250 2309 1477 2373 superiore
1503 2309 1672 2357 saeculo
1697 2312 1815 2359 Chi-

530 2380 664 2427 micis
702 2383 917 2429 Medicas
964 2400 1033 2429 res
1076 2382 1440 2430 immiscuerunt.
1513 2386 1817 2448 Qamquam

531 2466 641 2499 cum
661 2453 909 2502 intermisso
927 2455 1113 2502 istorum
1134 2457 1301 2511 studio,
1322 2472 1408 2502 non
1430 2457 1638 2504 minimae
1657 2458 1812 2515 simul,

534 2539 582 2571 et
629 2526 737 2574 scitu
781 2529 1053 2590 digniffimae
1093 2547 1161 2578 res
1210 2529 1557 2586 interciderant,
1617 2547 1815 2594 quarum

531 2598 732 2656 scientia,
776 2617 962 2665 nuperae
1015 2619 1136 2650 nunc
1177 2604 1368 2650 demum
1408 2604 1637 2650 industriae
1667 2605 1813 2651 acces-

529 2667 674 2729 ¹sione,
701 2674 855 2723 denuo
877 2675 1121 2724 nobilitata
1141 2677 1219 2724 est.
1292 2675 1467 2740 Saepius
1486 2679 1675 2734 etenim,
1702 2694 1812 2725 cum

1024 2766 1058 2805 4
1673 2753 1812 2798 Verba
