1871 3211
466 258 525 304 26
688 256 805 304 DE
852 255 1038 307 VIT.
1099 252 1491 307 PERIOD.

459 388 573 436 dam
590 388 906 446 affinitatibus,
943 402 989 437 et
1009 389 1264 445 affionum‚
1291 403 1599 456 motuumque
1619 404 1736 437 con-

461 460 745 512 curfionibus
770 462 982 519 efficitur,
1020 478 1126 526 quae
1149 462 1195 508 in
1215 462 1426 508 statutam
1451 463 1613 510 formae
1637 462 1737 524 spe-

460 534 907 618 ciem9elementares
932 547 1092 582 eorum
1117 534 1368 599 particulas
1405 534 1585 582 summa
1623 551 1738 581 con-

458 607 623 656 stantla
661 609 915 672 effingunt;
968 625 1170 673 quorum
1215 609 1431 659 omniurn
1470 609 1676 656 similiter
1702 609 1739 633 ¹⁰

460 694 599 747 atque
623 682 670 728 in
704 682 973 730 animalium
997 682 1111 732 Vita
1134 681 1311 729 summe
1349 680 1638 745 perdifficilis
1677 679 1743 727 est

463 756 770 819 investigatio.

862 941 904 990 c
931 924 938 932 '
972 942 1021 991 A
1089 943 1144 993 P.
1261 941 1351 990 111.

597 1076 670 1122 De
692 1074 931 1138 Menstruis
963 1074 1205 1121 Mulierum
1233 1073 1622 1129 Consuetudinibus.

467 1220 510 1252 1.
648 1205 942 1255 OEMINA
961 1205 1067 1253 RU
1087 1205 1144 1251 M
1180 1220 1393 1267 corpora,
1440 1204 1585 1267 longo
1632 1203 1748 1253 ado·
1792 1185 1794 1188 .

680 1278 893 1325 lescentis
941 1291 987 1324 et
1012 1276 1290 1324 consistentis
1316 1277 1462 1324 aetatis
1480 1278 1746 1338 intervallo,

464 1349 746 1398 menstruam
765 1352 918 1401 crisim
936 1351 1161 1401 incurrere
1182 1351 1468 1398 notiffimurn
1488 1351 1578 1398 est:
1604 1368 1750 1415 quam

466 1435 519 1469 ut
544 1424 748 1485 primum
773 1424 1046 1487 expediunt,
1072 1423 1292 1475 alacriora
1317 1425 1453 1480 fiunt,
1492 1424 1678 1486 fereque
1703 1424 1749 1472 in

464 1497 648 1545 summo
691 1498 975 1545 valetudinis
1012 1497 1141 1560 apice
1188 1490 1422 1544 locantor.
1501 1498 1748 1561 Ejusmodi
1815 1513 1817 1516 ’

465 1586 573 1634 quae
620 1571 673 1617 fit
715 1572 866 1634 prima
906 1571 1159 1633 eruptionis
1194 1572 1359 1624 cauffa,
1406 1572 1614 1634 quidque
1639 1585 1750 1619 aetas

465 1645 692 1692 menslum
732 1645 871 1692 initiis
915 1660 961 1693 et
995 1647 1163 1692 finibus
1189 1645 1409 1702 conferat,
1450 1646 1591 1691 altera
1613 1645 1751 1710 hujus

465 1719 571 1768 libri
612 1733 738 1782 parte
773 1720 1086 1784 quaefivimus,
1135 1720 1377 1784 multaque
1414 1721 1654 1768 dumtaxat
1691 1721 1751 1768 de

457 1902 530 1954 prii
566 1901 685 1942 status
721 1904 1047 1943 conservationem
1078 1904 1261 1951 nitantur,
1292 1902 1565 1955 affinitatesque
1599 1903 1705 1952 alias,
1734 1905 1761 1944 fi

460 1960 615 2014 quidem
638 1963 696 2000 hae
722 1962 846 2001 minus
878 1963 1013 2002 activae
1044 1964 1124 2010 fim,
1155 1963 1322 2009 eludant,
1355 1973 1421 2000 aut
1464 1963 1575 2000 aliter
1605 1974 1762 2014 propter

458 2021 636 2071 majorem
669 2023 804 2060 harum
824 2022 1059 2062 activitatem
1090 2023 1306 2068 vincantur,
1332 2035 1541 2074 earumque
1560 2033 1762 2073 propterea

458 2081 499 2118 in
522 2081 634 2118 aliam
652 2092 828 2119 naturam
859 2083 923 2119 fiat
955 2083 1145 2120 transuus.
1203 2082 1259 2119 Ea
1279 2081 1423 2120 ratione
1450 2082 1476 2120 sl
1501 2095 1603 2133 aqua
1634 2081 1762 2120 debita

460 2139 671 2191 quantitate
685 2140 883 2178 metallicae
905 2141 998 2178 calci
1018 2140 1107 2178 ferri
1121 2141 1158 2178 in
1174 2141 1371 2190 pulverem
1391 2140 1564 2180 contrita:
1578 2140 1756 2178 infunda-

459 2210 536 2247 tur,
556 2201 619 2239 dat
633 2201 756 2251 primo
770 2203 935 2239 calorem
948 2212 1102 2252 propter
1115 2202 1313 2247 mansuum
1333 2215 1442 2252 aquae
1462 2198 1500 2239 in
1516 2201 1758 2250 soliditatem,

465 2271 547 2298 tum
564 2260 689 2300 subito
711 2262 945 2299 metallicum
962 2263 1157 2312 pulverem
1171 2261 1287 2312 cogit,
1313 2266 1361 2298 'et
1378 2275 1464 2298 cum
1484 2276 1529 2299 eo
1547 2261 1587 2300 in
1607 2262 1764 2306 solidam

463 2321 611 2359 massam
632 2321 740 2359 fimul
758 2321 848 2360 coit.
905 2323 992 2360 Nec
1011 2333 1110 2359 certe
1131 2335 1229 2373 aqua
1248 2320 1289 2358 in
1310 2320 1470 2359 solidum
1486 2323 1670 2370 transiret,
1690 2320 1760 2362 'nisa

463 2375 622 2415 affinitas
652 2378 873 2426 mixtorum,
906 2379 1008 2417 unde
1038 2393 1161 2431 aquea
1192 2378 1355 2417 fluiditas
1384 2381 1554 2427 resultat,
1589 2382 1765 2431 superata

461 2435 548 2471 esset
568 2435 613 2472 ab
632 2436 820 2483 affinitate,
851 2452 967 2489 quam
990 2439 1128 2476 habent
1154 2452 1241 2477 cum
1272 2440 1598 2488 componentibuS,
1620 2439 1763 2492 quibus

464 2493 654 2531 metallica
673 2496 759 2533 calx
781 2498 959 2535 efficitur.

519 2556 553 2574 ¹0
581 2551 694 2592 Conf.
728 2556 848 2594 Rom&
873 2558 918 2595 de
939 2558 1037 2596 l'Isse
1057 2559 1278 2610 Cristallogr.
1308 2573 1402 2611 opus
1425 2558 1691 2603 invidiofiffirni
1712 2559 1764 2596 la<

464 2610 566 2651 boris
585 2613 908 2654 observationibus
929 2627 1052 2656 totum
1071 2618 1255 2665 constans.
1595 2656 1597 2658 .

1515 2675 1755 2731 Menfium

642 2756 659 2786 1
