1871 3211
412 206 510 261 206
644 208 765 260 DE
819 206 1010 259 VIT.
1069 205 1458 257 PERIOD.

407 346 503 394 fere
540 342 740 410 jamque
785 343 971 408 lapidea
1013 355 1138 399 cute,
1173 357 1267 407 qua
1310 341 1403 389 fine
1452 340 1533 387 vix
1569 339 1694 388 ullus

405 420 618 469 similiter
662 419 932 468 tabidorum
973 417 1020 466 in
1067 417 1240 465 caeteris
1265 417 1390 465 Vitae
1438 415 1694 463 intervallis

406 502 580 538 interit.

474 639 502 685 5
509 633 555 683 3.
584 622 684 669 Sed
726 619 828 668 ista*
846 620 904 667 ad
947 632 1203 667 extremam
1229 618 1526 665 Seneftutem
1551 615 1695 679 perti-

407 712 534 757 nent,
575 716 679 748 ante
705 717 848 764 quam
875 700 1026 746 multa
1051 700 1218 755 adhuc,
1257 713 1365 762 quae
1389 696 1486 760 ejus
1507 695 1698 742 exordia

369 794 371 808 2
406 786 454 820 et
495 775 770 821 medietates
808 772 1201 832 complefituntur,
1250 772 1297 816 in
1334 772 1457 816 hunc
1496 769 1698 833 apposite

406 847 563 893 locum
591 846 837 908 quadrant.
909 843 1143 889 Animalis
1170 858 1372 904 namque
1412 842 1696 902 Mephitidis

408 918 634 979 impetus,
688 933 796 980 quae
831 915 889 961 ab
931 914 1062 961 omni
1101 915 1214 961 Vita
1260 913 1573 977 inseparabilis
1618 916 1697 973 est,

408 990 554 1053 quod,
591 990 826 1054 perpetim
854 987 991 1052 juxta
1032 1001 1218 1037 aetatern
1257 988 1700 1052 infrequentioribus

408 1063 526 1110 cutis
551 1063 804 1126 spiraculis,
844 1062 967 1109 intus
991 1076 1213 1120 vertatur,
1256 1078 1367 1108 cum
1391 1077 1538 1125 eaque
1566 1061 1699 1110 simul

405 1155 581 1203 magna
621 1156 725 1203 pars
760 1138 927 1185 residui
971 1154 996 1184 a
1034 1139 1145 1185 Vita
1183 1138 1364 1194 caloris,
1400 1138 1481 1201 qui
1516 1137 1699 1201 jugiter

405 1212 598 1261 vivente
623 1229 816 1277 corpore
840 1211 1086 1268 emittitur,
1104 1211 1300 1277 jamque
1326 1213 1384 1259 ab
1405 1212 1511 1258 hinc
1538 1211 1697 1275 fingu-

405 1286 468 1333 lae
493 1288 697 1350 corporis
713 1301 883 1351 partes,
910 1286 1251 1351 imprimisque,
1271 1304 1375 1350 quae
1398 1287 1573 1333 caeteris
1591 1303 1698 1334 mu-

407 1366 648 1414 tabiliores
673 1367 885 1423 existunt,
928 1380 1107 1430 aqueae,
1144 1381 1225 1415 aut
1261 1365 1426 1413 oleosae
1452 1365 1699 1413 fluiditatis

406 1441 677 1504 participes,
711 1442 892 1488 varium
934 1441 1164 1504 recipient
1202 1441 1414 1497 modum,
1456 1457 1540 1504 pro
1573 1440 1699 1487 variat

408 1519 617 1564 materiei
643 1518 827 1574 caloris,
853 1534 963 1580 erga
988 1518 1091 1565 illas
1111 1517 1352 1581 potestate,
1380 1531 1425 1565 et
1445 1518 1508 1564 vi.
1536 1520 1698 1582 Qare

410 1606 495 1648 eae,
532 1609 636 1656 quae
658 1593 815 1639 habito
840 1592 963 1655 ignis
984 1606 1242 1655 augmento
1257 1591 1518 1646 densantur,
1544 1591 1695 1654 cujus-

408 1665 538 1712 modi
565 1666 809 1713 notiffimis
836 1666 1167 1729 experimontis
1207 1666 1384 1728 limpha
1419 1667 1507 1712 esse
1549 1667 1697 1713 credi-

408 1752 499 1795 tur,
523 1741 721 1804 aptiores
754 1741 920 1788 exinde
962 1741 1017 1787 ad
1063 1739 1454 1786 concrescendum
1482 1741 1698 1800 evadent,

406 1815 532 1860 unde
560 1815 794 1870 infardftus,
834 1829 881 1860 et
905 1815 1242 1862 obstruftiones
1274 1813 1522 1873 viscerum,
1556 1815 1696 1880 inque

407 1887 580 1933 laxiore
598 1887 809 1934 vasorum
827 1887 1006 1934 ambitu
1026 1887 1200 1950 Polipi,
1219 1888 1294 1934 &c
1314 1905 1323 1933 z
1353 1903 1530 1947 contra,
1551 1905 1696 1951 quam

407 1960 564 2007 serosae
615 1974 765 2024 partes
807 1975 852 2008 et
903 1960 1084 2024 aquosae
1133 1961 1239 2023 plus
1293 1961 1462 2017 adhuc,
1516 1963 1698 2012 interno

409 2035 582 2090 calore,
622 2033 946 2081 concrescente
976 2033 1325 2096 simullimpha,
1363 2029 1581 2091 tenuatae‚
1625 2035 1697 2083 in-

407 2124 501 2170 que
527 2107 642 2155 vasis
667 2107 790 2154 intus
824 2107 1109 2170 compreffae,
1146 2106 1449 2170 profundiora
1469 2109 1695 2172 corporis,

408 2195 454 2228 et
477 2184 642 2227 ossium
681 2181 788 2227 loca
813 2182 1048 2238 subibunt,
1094 2181 1352 2244 exindeque
1377 2196 1568 2246 propter
1614 2199 1695 2230 co-

408 2256 590 2319 piosum
617 2257 864 2303 tenuiffirni
891 2256 1040 2303 laticis
1079 2256 1342 2320 appulsum,
1378 2274 1483 2320 quae
1500 2257 1696 2322 jamque

410 2331 601 2379 solidata
626 2331 741 2389 sunt,
781 2332 931 2380 rursus
970 2332 1281 2379 mollitudinis
1315 2333 1496 2397 aliquid
1534 2336 1696 2381 conci-

410 2408 560 2472 pient.
632 2408 903 2471 Cujusmodi
930 2407 1288 2456 manifestissima
1311 2411 1545 2473 exempla,
1571 2411 1696 2459 haud

409 2499 514 2530 raro
537 2481 632 2527 visa
668 2482 795 2529 sunt:
822 2483 1118 2531 observatum
1141 2500 1346 2546 namque
1387 2485 1465 2541 est,
1500 2486 1695 2533 Senium

414 2555 798 2618 ingredientibus,
832 2559 1071 2620 proprium
1096 2557 1223 2622 quasi
1257 2557 1404 2605 senilis
1432 2559 1695 2607 Rachitidis

413 2644 559 2697 genus
606 2629 803 2685 moveri,
839 2631 1097 2696 exindeque
1143 2647 1222 2681 eos
1258 2631 1466 2696 primum
1505 2633 1694 2680 distorta

1562 2724 1695 2756 crura
