1871 3211
449 267 542 314 180
677 266 792 314 DE
848 266 1032 314 VIT.
1092 264 1478 313 PERIOD.

444 397 728 455 debilitates,
757 415 838 446 cur
865 401 950 446 hac
989 399 1160 463 potius,
1200 415 1342 462 quam
1379 398 1469 444 alia
1494 404 1738 440 exerantur

447 487 598 536 parte,
634 474 711 521 sua
736 475 918 520 conlata
941 474 1137 520 simbola
1156 472 1274 536 saepe
1294 472 1511 519 efficiant.

518 620 596 669 25.
640 608 959 654 Foeminarum
979 623 1107 662 vero,
1152 607 1278 669 quod
1305 605 1533 669 pulmone
1561 613 1607 646 et
1630 599 1738 646 tho-

449 696 574 739 race,
615 684 769 730 minus
795 698 939 745 quam
964 682 1064 727 Viri
1101 682 1328 743 polleant,
1371 692 1623 740 earumque
1649 675 1739 721 mi-

449 769 533 800 nor
555 754 807 801 universim
834 753 1101 798 Solidorum
1137 752 1362 808 activitas,
1388 764 1434 798 et
1458 750 1614 812 vigor,
1642 763 1744 794 arn·-

448 827 650 890 pliorem
682 825 1017 872 rarescentibus
1040 823 1223 869 Fluidis
1251 826 1408 871 locum
1435 825 1623 878 tribuat,
1665 838 1750 868 no-

450 917 523 945 vae
548 899 700 944 adhuc
725 895 1204 959 depblogisticationis
1229 896 1318 941 viae
1343 896 1603 958 quaerendae
1629 896 1746 953 sunt,

456 972 769 1032 potissimum,
810 969 840 1014 fi
866 968 1092 1031 pulmone
1133 967 1218 1013 rite
1257 966 1569 1024 conformato,
1596 969 1750 1014 nullus

454 1041 775 1104 Haemophtifi
814 1054 893 1087 aut
918 1039 1109 1103 Epistasl
1143 1037 1276 1087 locus
1301 1041 1370 1090 fit.
1441 1042 1579 1087 Anne
1604 1041 1750 1102 igitur

455 1116 683 1179 ejusmodi
711 1116 813 1161 sunt
833 1115 1027 1170 menseS,
1073 1115 1155 1176 qui
1190 1115 1236 1161 in
1261 1132 1362 1161 eam
1387 1115 1594 1178 primum
1620 1132 1752 1162 com-

456 1203 618 1252 parent
642 1203 833 1237 aetatem
855 1209 868 1245 ;
905 1189 1124 1236 videlicet
1141 1190 1269 1252 quod
1296 1203 1468 1244 uterus,
1494 1203 1540 1236 et
1562 1189 1751 1252 vagina,

454 1264 578 1308 unde
620 1262 802 1325 sanguis
841 1261 1067 1317 funditur,
1106 1261 1198 1308 fere
1241 1263 1532 1325 pulmonaris
1560 1263 1752 1309 aetionis

455 1335 739 1399 adjumento,
789 1348 836 1382 et
876 1335 1356 1398 dephlogisticationis
1404 1337 1756 1399 complemento

458 1410 580 1457 fint?
623 1411 731 1470 Jam
757 1410 882 1455 enim
909 1409 1136 1456 Pudenda
1157 1413 1189 1436 ¹³
1217 1426 1371 1456 aerem
1397 1409 1649 1472 attingunt,
1676 1408 1754 1457 vel

460 1484 688 1548 attingere
714 1484 915 1547 pofl'unt,
960 1484 1239 1547 exalantque
1281 1498 1327 1530 et
1364 1484 1539 1530 inalant
1585 1485 1642 1530 ab
1675 1500 1755 1530 ex-

459 1573 591 1605 terno
634 1574 756 1616 aete,
799 1558 923 1604 unde
962 1559 1250 1605 notiffimum
1292 1559 1408 1604 illud
1451 1558 1757 1620 Hippocratis

459 1632 517 1677 de
541 1631 773 1678 sterilitate
803 1630 1110 1693 judicium¹⁴.
1184 1632 1321 1678 Certe
1360 1632 1513 1678 nullus
1555 1632 1615 1678 est
1648 1649 1753 1679 cor-

521 1778 550 1801 ¹³
580 1770 694 1808 Conf.
727 1771 853 1808 Kaav.
882 1773 986 1822 Pers:
1019 1780 1152 1823 cap.x.
1201 1769 1491 1808 R'Ienstruorum
1514 1770 1764 1810 nihilominus

455 1829 537 1867 vias
558 1844 577 1867 a
596 1830 781 1881 penitiore
802 1831 899 1868 uteri
926 1841 1048 1881 parte,
1070 1830 1237 1881 aliquam
1262 1831 1393 1867 saltem
1406 1842 1566 1880 partem,
1586 1832 1767 1882 proficisci

428 1887 430 1889 ’
462 1889 618 1940 egregia
655 1890 865 1941 Morgagni
903 1889 1118 1928 observatio
1160 1889 1303 1939 arguit.
1349 1890 1455 1927 Adv.
1476 1893 1592 1929 Anat.
1625 1892 1710 1931 Lib.
1734 1894 1770 1934 Ῑ.

460 1950 617 1987 Interna
661 1949 774 1987 etiam
812 1950 941 1987 vesicae
989 1949 1166 1987 urinariae
1206 1948 1418 2000 superficies
1455 1950 1633 2000 proxime
1681 1966 1768 1992 cum

457 2022 541 2046 aere
557 2010 825 2056 communicat,
865 2010 928 2046 vel
959 2011 1089 2047 saltem
1125 2009 1405 2047 communicare
1428 2011 1562 2061 potest,
1587 2011 1770 2064 illiusque

460 2066 630 2103 similiter
647 2067 732 2105 sunt
762 2067 942 2105 vesicales
969 2066 1293 2114 Haemorrhoides‚
1331 2067 1522 2105 menstrua
1561 2069 1770 2122 aliquando

458 2127 614 2177 periodo
648 2127 687 2164 in
710 2127 817 2164 Viris
854 2128 1071 2173 redeuntes,
1107 2138 1143 2164 ct
1176 2128 1306 2165 veficae
1340 2127 1566 2175 catarrhus,
1599 2131 1770 2181 asperum

458 2185 627 2236 prochto
643 2197 680 2223 et
701 2185 850 2224 difficile
873 2196 1081 2237 utrumque
1103 2187 1326 2224 morborum
1345 2201 1483 2238 genus.

514 2249 549 2268 14
575 2246 712 2282 Mulier
713 2244 753 2293 s
764 2256 858 2282 utero
877 2260 940 2281 non
959 2249 1142 2296 concipiat,
1158 2247 1303 2295 stfi·ire
1320 2246 1422 2290 velis,
1440 2259 1486 2281 an
1500 2255 1701 2297 conceptura
1707 2247 1770 2296 fit,

459 2305 611 2354 vcstibm
629 2309 756 2342 circum
776 2305 975 2342 obvolutam
982 2305 1110 2356 subtcr
1122 2307 1258 2353 sliffimae
1293 2307 1372 2355 etsi
1383 2306 1518 2356 quidem
1537 2307 1681 2356 tranfire·
1705 2309 1772 2345 tibi

462 2367 630 2402 addentur
649 2367 732 2403 odor
741 2376 806 2418 prr
824 2376 944 2418 corpus
963 2367 1015 2403 ad
1030 2381 1129 2403 nares
1159 2378 1190 2405 ct
1217 2382 1263 2412 05,
1279 2369 1374 2416 scito
1394 2368 1487 2417 quod
1501 2368 1564 2402 illa
1581 2382 1646 2403 nou
1657 2371 1772 2420 perse

460 2425 660 2472 sterilisfit.
708 2425 803 2476 Aph.
826 2424 996 2476 lix.fi·c‘?.
1016 2439 1055 2462 v.
1111 2426 1231 2463 Extat
1265 2439 1422 2479 quoque
1450 2425 1770 2464 intercutaneum

463 2483 647 2521 actionem
670 2494 707 2521 et
728 2495 878 2522 uterum
897 2485 1108 2532 consensus,
1139 2486 1239 2524 unde
1256 2500 1277 2523 a
1291 2486 1479 2536 suppress'a
1498 2484 1768 2536 perspiratione

461 2541 677 2590 palpitatio,
707 2553 743 2579 et
761 2543 954 2581 suffocatio
983 2544 1092 2582 uteri.
1150 2544 1337 2582 Mulieres
1363 2558 1523 2597 quoquc
1553 2545 1689 2582 affiduo
1715 2544 1769 2580 la-

469 2605 558 2639 bore
578 2602 812 2651 exercitatae,
851 2603 1046 2654 pauciores
1063 2605 1206 2644 habent
1227 2606 1388 2644 menses:
1413 2607 1519 2658 quod
1545 2607 1656 2657 supra
1672 2603 1767 2643 dixi-

469 2676 563 2702 mus.

1632 2718 1758 2781 potis
