1871 3211
467 242 528 298 48
698 237 814 286 DE
882 235 1065 284 VIT.
1135 230 1531 284 PERIOD.

466 382 600 433 aptus
670 369 733 416 est
796 369 1057 415 dubitando
1114 368 1280 416 locus:
1345 383 1495 432 neque
1552 364 1749 413 minima

463 442 581 497 sunt,
615 458 723 506 quae
747 440 964 504 ponderis
1006 440 1347 487 incrementum
1385 456 1468 503 per
1491 439 1539 486 id
1564 452 1749 502 tempus

464 517 730 574 excludant,
765 514 970 578 ejusque,
1012 526 1189 571 contra,
1228 513 1608 561 imminutionem
1648 512 1751 560 sua-

463 590 618 637 deant.
689 591 835 655 Qod
876 590 1065 651 egregio
1095 587 1472 635 observationum
1496 586 1750 650 specimine

463 663 581 710 olim
633 663 818 710 testatus
863 662 928 708 est
963 662 1186 723 Floyerus
1212 670 1288 708 ¹⁵:
1353 661 1389 707 is
1432 659 1556 707 enim
1595 660 1752 707 incur-

464 752 616 784 rentes
668 735 944 784 Asthmatici
1001 734 1239 799 cujusdam
1278 735 1581 798 paroxismos,
1629 733 1750 781 levi·

465 827 544 858 ore
606 810 755 874 pridie
809 808 1035 872 perstante
1080 807 1177 869 ejus
1228 824 1440 872 corpore,
1480 807 1635 854 sedula
1685 805 1748 852 rei

464 882 784 930 observatione
830 880 1058 945 percepit.
1163 880 1240 927 Sic
1299 896 1488 944 quoque
1535 879 1751 926 observa-

467 969 569 1002 tum
614 956 692 1012 est,
735 955 818 1001 sub
864 955 1079 1017 proximo
1116 954 1340 1016 podagrae
1386 953 1560 1000 insultu
1597 952 1752 999 urinas

467 1027 705 1089 copiosiori
750 1024 1059 1089 phosphorico
1095 1024 1229 1071 acido
1269 1025 1490 1080 munitas,
1529 1024 1575 1070 in
1623 1037 1750 1070 ante-

466 1100 639 1145 ceffum
687 1099 906 1161 prodire:
965 1096 1096 1159 cujus
1137 1114 1162 1144 e
1204 1113 1396 1162 corpore
1439 1098 1618 1159 egressu
1666 1096 1752 1144 ali-

468 1186 693 1237 quantam
735 1171 949 1236 ponderis
989 1170 1328 1219 ammiffionem
1360 1172 1456 1218 fieri
1493 1171 1753 1219 verosimile

468 1247 548 1294 est.
620 1246 722 1309 Ipse
769 1247 910 1293 etiam
944 1261 1055 1291 cum
1097 1245 1331 1307 periodica
1356 1245 1589 1308 sanguinis
1614 1245 1750 1293 fluxi-

467 1337 572 1376 one,
607 1319 772 1366 aestivis
791 1319 1075 1382 potissimum
1103 1319 1353 1375 mensibus,
1379 1320 1598 1366 diuturna
1615 1316 1744 1381 jam-

471 1408 564 1454 que
612 1391 942 1437 consuetudine
982 1391 1202 1446 afficerer,
1259 1404 1483 1454 perpetuo
1525 1390 1754 1454 proximis

468 1463 703 1526 profluvio
727 1462 910 1518 diebus,
953 1462 1134 1508 insolita
1175 1464 1378 1526 corporis
1412 1464 1664 1522 alacritate,
1706 1477 1753 1510 et

472 1537 657 1582 levitate
683 1534 878 1590 ferebar,
916 1547 968 1580 ut
1011 1533 1056 1580 in
1081 1533 1219 1580 saltus
1244 1548 1290 1580 et
1314 1535 1543 1581 cursiones
1568 1534 1754 1598 paratis-

471 1608 627 1662 fimus,
684 1607 813 1652 nullo
852 1621 1078 1667 umquam
1134 1618 1356 1668 percepto
1403 1604 1752 1667 defatigationis

474 1678 598 1725 sensu
645 1678 829 1723 fierem:
893 1676 1155 1738 exindeque
1216 1692 1309 1721 non
1366 1675 1505 1721 semel
1549 1675 1753 1723 instantis

471 1750 685 1798 fluxionis
713 1749 955 1796 certissima
980 1748 1146 1812 sumpsi
1173 1747 1355 1797 inditia.

548 1912 622 1944 11.
665 1894 835 1944 Nihilo
877 1907 1032 1940 tamen
1074 1894 1229 1941 minus
1273 1895 1529 1942 videndum
1571 1896 1650 1952 est,
1696 1913 1752 1943 an

473 1983 569 2017 non
616 1984 641 2013 a
686 1967 898 2030 proxime
947 1968 1251 2014 antecedente
1299 1968 1507 2031 corporis
1544 1968 1750 2025 levitate,

477 2054 666 2104 propter
700 2041 745 2086 id
782 2038 1002 2095 maxime,
1040 2040 1086 2086 in
1126 2040 1219 2103 ipsa
1252 2039 1444 2087 insultus
1486 2043 1753 2098 accessione,

473 2114 707 2160 insolitum
733 2112 914 2175 corpori
935 2113 1115 2175 pondus
1133 2112 1368 2176 adjeetum
1389 2113 1542 2161 fuerit.
1570 2115 1751 2162 Verum

474 2190 595 2233 enim
620 2200 817 2233 vacuato
841 2202 1050 2249 corpore,
1092 2200 1428 2249 proptereaque
1453 2187 1642 2244 leviore,
1667 2189 1753 2236 ab-

475 2259 720 2306 sorbtionis
769 2261 837 2306 vis
892 2258 1143 2305 universim
1187 2259 1458 2315 intenditur,
1500 2274 1752 2326 extantque

475 2332 677 2380 indubiae
711 2333 1048 2396 ponderosioris
1073 2349 1098 2379 a
1130 2347 1357 2395 purgante
1389 2335 1750 2392 medicamento,

617 2516 644 2541 ¹⁵
679 2514 833 2566 9‘3'eatffe
851 2518 898 2566 of
917 2518 971 2555 she
990 2516 1154 2566 Asthma.
1209 2516 1325 2558 Conf.
1342 2534 1388 2557 an
1406 2520 1606 2573 Appendix.

1530 2637 1752 2700 corporis,
