1871 3211
463 269 556 319 188
691 270 808 320 DE
874 263 1061 318 VIT.
1131 269 1525 318 PERIOD.

521 420 604 467 32.
639 407 710 455 At
733 405 860 455 enim
902 406 983 471 qui
1009 406 1106 462 fiat,
1142 418 1193 452 ut
1233 405 1429 468 septimo
1464 402 1564 467 jam
1588 416 1738 466 prope

453 478 637 526 labente
679 478 952 543 Septennio,
1022 477 1149 541 quod
1200 476 1614 541 frequentissimum
1655 473 1736 530 est,

451 568 640 617 magnae
663 554 780 601 adeo
805 555 1099 601 Naturarum
1123 552 1442 599 conversiones
1482 551 1529 597 in
1575 548 1739 596 foemi-

452 629 524 676 nis
550 630 681 688 fiant,
707 642 754 677 et
774 630 987 691 ablegata
1005 627 1234 675 menstrua
1252 625 1604 680 consuetudine,
1631 623 1735 670 tris-

451 701 623 750 tiffima
647 703 782 752 simul
808 701 1145 766 aegritudinum
1182 717 1349 764 genera
1390 701 1553 746 multae
1578 699 1736 745 incur-

450 791 572 835 rant,
615 778 730 825 mihi
767 794 823 823 ex
848 775 1082 838 propofita
1119 775 1338 820 sententia
1361 775 1614 822 dicendum
1638 773 1700 819 est
1721 792 1735 820 ε

418 871 422 879 ·
445 853 657 914 primum
683 851 842 912 itaque
880 849 938 894 de
963 847 1193 893 mensium
1219 847 1465 894 ceffatione
1502 849 1731 911 eloquax:

448 924 774 988 subsequentes
809 920 978 969 exinde
1011 918 1110 983 ejus
1150 921 1296 967 aetatis
1324 923 1516 970 morbos
1557 922 1736 969 exami-

450 996 590 1044 nabo.

515 1159 595 1206 33.
633 1145 812 1191 Verum
854 1143 1028 1191 etenim
1070 1142 1272 1206 plurima
1297 1141 1733 1190 inflammabilitatis

447 1219 496 1264 in
520 1219 727 1274 animali,
754 1219 906 1265 caussa
932 1232 1011 1265 aut
1038 1233 1063 1264 a
1090 1216 1312 1264 Seminali
1336 1217 1525 1279 Impetu
1550 1216 1735 1279 prorsus

444 1292 696 1354 pendente,
733 1305 813 1339 aut
839 1309 949 1339 cum
992 1292 1075 1338 isto
1111 1291 1272 1337 saltem
1311 1289 1581 1337 amiciffirna
1620 1307 1735 1338 con-

436 1364 684 1427 junftione
726 1366 817 1414 sese
855 1367 989 1414 fimul
1015 1379 1245 1423 exerente,
1269 1366 1394 1415 unde
1433 1366 1595 1428 ingens
1637 1365 1736 1413 ani-

443 1440 581 1486 malis
617 1440 886 1503 mephitidis
931 1440 1066 1503 copia
1105 1441 1267 1496 oritur,
1311 1453 1515 1502 nataque
1539 1439 1734 1487 subinde

443 1512 596 1577 major
639 1514 1121 1579 depblogisticationis
1158 1517 1392 1562 necesfitas
1413 1514 1590 1561 menses
1615 1514 1734 1562 inci-

439 1599 524 1644 tat,
550 1590 640 1646 his,
667 1591 876 1654 inquam,
902 1605 984 1652 per
1006 1606 1198 1636 omnem
1214 1591 1360 1636 aetatis
1380 1591 1591 1653 vigorem
1615 1606 1731 1638 con·

442 1661 684 1720 stantibus,
701 1664 779 1710 vix
800 1663 973 1709 mirum
997 1663 1077 1718 est,
1099 1663 1145 1709 in
1169 1663 1214 1708 id
1233 1678 1371 1710 omne
1393 1676 1577 1726 tempus
1599 1681 1739 1712 men*

441 1733 747 1783 struationem
796 1736 1046 1783 incurrere.
1135 1735 1317 1782 Contra
1359 1753 1472 1782 vero
1517 1739 1733 1786 arteriosa

440 1807 657 1854 vasorum
682 1809 923 1871 potestate,
965 1808 1171 1870 Vitaque
1212 1809 1309 1854 fere
1341 1811 1489 1867 omni,
1534 1811 1735 1859 succres-

441 1891 574 1926 cente
598 1897 717 1937 aevo,
759 1881 1017 1936 debilitata,
1045 1881 1274 1928 seminalis
1299 1898 1490 1946 quoque
1514 1884 1733 1948 principii

441 1952 660 2015 impetus,
686 1955 938 2000 remiffiore
979 1953 1142 2000 sensim
1189 1955 1493 2002 incitamento
1540 1958 1730 2017 labitur,

438 2040 780 2091 proptereaque
806 2028 1076 2090 generandi,
1114 2041 1161 2076 et
1187 2031 1483 2093 concipiendi
1509 2032 1728 2095 potestas,

437 2115 495 2146 eo
529 2102 746 2163 proxime
790 2114 1000 2164 ternpore
1034 2102 1255 2151 foeminas
1279 2104 1462 2153 deserit.
1533 2109 1602 2154 At
1624 2110 1731 2172 qui-

437 2172 551 2219 dem
573 2174 797 2222 ditiffimo
821 2174 902 2221 isto
928 2176 1144 2237 Impetus
1171 2177 1310 2234 Vitae,
1343 2192 1388 2225 et
1411 2180 1728 2230 inflammabi-

435 2245 578 2294 litatis
601 2251 634 2269 ²¹
677 2247 910 2313 principio
944 2247 1142 2319 jamque
1185 2266 1422 2310 enervam,
1478 2253 1729 2307 animalem

1589 2331 1725 2381 fimul

416 2506 550 2548 fluvia
565 2506 745 2550 diuturna,
761 2510 931 2557 Cl›0lerae,
951 2511 1183 2562 Discmcriae,
1205 2512 1414 2561 Lau-merite,
1434 2515 1734 2556 Haemorrhoides.

425 2565 567 2615 Aphor.
588 2579 681 2603 xxx·
697 2570 789 2616 βῆ.
806 2569 859 2606 iii.

477 2627 512 2645 ²¹
543 2625 748 2663 Incitatam
777 2641 844 2676 per
874 2643 1027 2667 omnem
1045 2630 1163 2668 :etatis
1185 2631 1358 2681 vigorem
1387 2633 1555 2672 seminali
1587 2635 1730 2686 impetu

425 2683 558 2733 vitam,
592 2696 629 2724 ct
662 2685 796 2725 latiore
826 2690 1008 2737 pulmone
1037 2690 1211 2729 haustum
1246 2692 1560 2744 dephlogissicum
1593 2707 1730 2741 aerem,

1633 2768 1722 2796 cum
