<?xml version="1.0" encoding="UTF-8"?>
<!DOCTYPE html PUBLIC "-//W3C//DTD XHTML 1.0 Transitional//EN"
    "http://www.w3.org/TR/xhtml1/DTD/xhtml1-transitional.dtd">
<html xmlns="http://www.w3.org/1999/xhtml" xml:lang="en" lang="en">
 <head>
  <title>
</title>
<meta http-equiv="Content-Type" content="text/html;charset=utf-8" />
  <meta name='ocr-system' content='tesseract 3.04.00' />
  <meta name='ocr-capabilities' content='ocr_page ocr_carea ocr_par ocr_line ocrx_word'/>
</head>
<body>
  <div class='ocr_page' id='page_1' title='image "./devitalibusperio02testuoft_0104.png"; bbox 0 0 1871 3211; ppageno 0'>
   <div class='ocr_carea' id='block_1_1' title="bbox 483 242 1537 305">
    <p class='ocr_par' dir='ltr' id='par_1_1' title="bbox 483 242 1537 305">
     <span class='ocr_line' id='line_1_1' title="bbox 483 242 1537 305; baseline 0.001 -15"><span class='ocrx_word' id='word_1_1' title='bbox 483 250 550 305; x_wconf 79' lang='lat'>90</span> <span class='ocrx_word' id='word_1_2' title='bbox 710 242 828 291; x_wconf 86' lang='lat' dir='ltr'>DE</span> <span class='ocrx_word' id='word_1_3' title='bbox 893 243 1537 297; x_wconf 65' lang='lat' dir='ltr'>v1T.PER1,oD.</span> 
     </span>
    </p>
   </div>
   <div class='ocr_carea' id='block_1_2' title="bbox 480 375 1769 958">
    <p class='ocr_par' dir='ltr' id='par_1_2' title="bbox 480 375 1769 958">
     <span class='ocr_line' id='line_1_2' title="bbox 483 375 1769 442; baseline -0.001 -19"><span class='ocrx_word' id='word_1_4' title='bbox 483 375 658 424; x_wconf 78' lang='lat' dir='ltr'>etenim</span> <span class='ocrx_word' id='word_1_5' title='bbox 681 377 879 441; x_wconf 74' lang='lat' dir='ltr'>propriae</span> <span class='ocrx_word' id='word_1_6' title='bbox 907 377 1126 442; x_wconf 79' lang='lat' dir='ltr'>quaedam</span> <span class='ocrx_word' id='word_1_7' title='bbox 1158 376 1372 439; x_wconf 84' lang='lat' dir='ltr'>gentium</span> <span class='ocrx_word' id='word_1_8' title='bbox 1409 376 1616 441; x_wconf 89' lang='lat' dir='ltr'>corporis</span> <span class='ocrx_word' id='word_1_9' title='bbox 1651 391 1769 423; x_wconf 89' lang='lat' dir='ltr'>eon·-</span> 
     </span>
     <span class='ocr_line' id='line_1_3' title="bbox 482 447 1767 512; baseline -0.002 -16"><span class='ocrx_word' id='word_1_10' title='bbox 482 447 780 497; x_wconf 76' lang='lat' dir='ltr'>formationes</span> <span class='ocrx_word' id='word_1_11' title='bbox 805 452 913 498; x_wconf 87' lang='lat' dir='ltr'>data</span> <span class='ocrx_word' id='word_1_12' title='bbox 936 464 1160 497; x_wconf 87' lang='lat' dir='ltr'>terrarum</span> <span class='ocrx_word' id='word_1_13' title='bbox 1185 450 1287 495; x_wconf 86' lang='lat' dir='ltr'>loca</span> <span class='ocrx_word' id='word_1_14' title='bbox 1309 449 1570 512; x_wconf 82' lang='lat' dir='ltr'>respiciant,</span> <span class='ocrx_word' id='word_1_15' title='bbox 1614 448 1767 512; x_wconf 85' lang='lat' dir='ltr'>cujus-</span> 
     </span>
     <span class='ocr_line' id='line_1_4' title="bbox 481 523 1768 587; baseline 0 -18"><span class='ocrx_word' id='word_1_16' title='bbox 481 523 615 587; x_wconf 57' lang='lat' dir='ltr'>ngodi</span> <span class='ocrx_word' id='word_1_17' title='bbox 639 538 805 587; x_wconf 85' lang='lat' dir='ltr'>praeter</span> <span class='ocrx_word' id='word_1_18' title='bbox 836 523 1088 571; x_wconf 83' lang='lat' dir='ltr'>notiffimas</span> <span class='ocrx_word' id='word_1_19' title='bbox 1114 523 1161 570; x_wconf 88' lang='lat' dir='ltr'>in</span> <span class='ocrx_word' id='word_1_20' title='bbox 1197 524 1521 586; x_wconf 77' lang='lat' dir='ltr'>AEthiopibus,</span> <span class='ocrx_word' id='word_1_21' title='bbox 1547 526 1639 573; x_wconf 60' lang='lat' dir='ltr'>&amp;a</span> <span class='ocrx_word' id='word_1_22' title='bbox 1681 540 1768 569; x_wconf 70' lang='lat' dir='ltr'>nu-</span> 
     </span>
     <span class='ocr_line' id='line_1_5' title="bbox 480 598 1768 661; baseline 0 -17"><span class='ocrx_word' id='word_1_23' title='bbox 480 598 697 661; x_wconf 83' lang='lat' dir='ltr'>perrirnae</span> <span class='ocrx_word' id='word_1_24' title='bbox 738 612 899 646; x_wconf 83' lang='lat' dir='ltr'>extant</span> <span class='ocrx_word' id='word_1_25' title='bbox 936 598 1146 646; x_wconf 89' lang='lat' dir='ltr'>Hunteri</span> <span class='ocrx_word' id='word_1_26' title='bbox 1185 599 1242 644; x_wconf 92' lang='lat' dir='ltr'>de</span> <span class='ocrx_word' id='word_1_27' title='bbox 1278 598 1440 645; x_wconf 84' lang='lat' dir='ltr'>craniis</span> <span class='ocrx_word' id='word_1_28' title='bbox 1479 599 1768 646; x_wconf 86' lang='lat' dir='ltr'>diversarum</span> 
     </span>
     <span class='ocr_line' id='line_1_6' title="bbox 483 673 1768 736; baseline 0.001 -17"><span class='ocrx_word' id='word_1_29' title='bbox 483 673 700 736; x_wconf 88' lang='lat' dir='ltr'>gentium</span> <span class='ocrx_word' id='word_1_30' title='bbox 744 675 1113 721; x_wconf 85' lang='lat' dir='ltr'>observationes:</span> <span class='ocrx_word' id='word_1_31' title='bbox 1156 673 1352 721; x_wconf 86' lang='lat' dir='ltr'>minima</span> <span class='ocrx_word' id='word_1_32' title='bbox 1376 688 1532 720; x_wconf 87' lang='lat' dir='ltr'>tamen</span> <span class='ocrx_word' id='word_1_33' title='bbox 1565 673 1647 721; x_wconf 90' lang='lat' dir='ltr'>ista</span> <span class='ocrx_word' id='word_1_34' title='bbox 1672 673 1768 720; x_wconf 87' lang='lat' dir='ltr'>fere</span> 
     </span>
     <span class='ocr_line' id='line_1_7' title="bbox 480 747 1767 811; baseline -0.002 -17"><span class='ocrx_word' id='word_1_35' title='bbox 480 748 599 804; x_wconf 84' lang='lat' dir='ltr'>sunt,</span> <span class='ocrx_word' id='word_1_36' title='bbox 621 748 650 794; x_wconf 86' lang='lat' dir='ltr'>fi</span> <span class='ocrx_word' id='word_1_37' title='bbox 667 749 854 811; x_wconf 86' lang='lat' dir='ltr'>quando</span> <span class='ocrx_word' id='word_1_38' title='bbox 875 764 986 794; x_wconf 90' lang='lat' dir='ltr'>cum</span> <span class='ocrx_word' id='word_1_39' title='bbox 1004 747 1294 804; x_wconf 84' lang='lat' dir='ltr'>animalium,</span> <span class='ocrx_word' id='word_1_40' title='bbox 1314 764 1498 804; x_wconf 85' lang='lat' dir='ltr'>canum,</span> <span class='ocrx_word' id='word_1_41' title='bbox 1515 762 1767 810; x_wconf 83' lang='lat' dir='ltr'>equorum,</span> 
     </span>
     <span class='ocr_line' id='line_1_8' title="bbox 480 820 1769 883; baseline 0.001 -17"><span class='ocrx_word' id='word_1_42' title='bbox 480 821 739 883; x_wconf 86' lang='lat' dir='ltr'>pecudum,</span> <span class='ocrx_word' id='word_1_43' title='bbox 767 822 858 868; x_wconf 59' lang='lat' dir='ltr'>&amp;a</span> <span class='ocrx_word' id='word_1_44' title='bbox 877 820 1166 876; x_wconf 86' lang='lat' dir='ltr'>differentiis,</span> <span class='ocrx_word' id='word_1_45' title='bbox 1191 837 1305 883; x_wconf 83' lang='lat' dir='ltr'>quas</span> <span class='ocrx_word' id='word_1_46' title='bbox 1325 821 1535 868; x_wconf 84' lang='lat' dir='ltr'>finitimae</span> <span class='ocrx_word' id='word_1_47' title='bbox 1553 822 1769 883; x_wconf 81' lang='lat' dir='ltr'>regiones</span> 
     </span>
     <span class='ocr_line' id='line_1_9' title="bbox 481 895 1246 958; baseline 0 -18"><span class='ocrx_word' id='word_1_48' title='bbox 481 896 623 942; x_wconf 80' lang='lat' dir='ltr'>etiam</span> <span class='ocrx_word' id='word_1_49' title='bbox 664 895 878 951; x_wconf 77' lang='lat' dir='ltr'>efferunt,</span> <span class='ocrx_word' id='word_1_50' title='bbox 916 909 1246 958; x_wconf 81' lang='lat' dir='ltr'>comparentur</span> 
     </span>
    </p>
   </div>
   <div class='ocr_carea' id='block_1_3' title="bbox 469 1042 1774 2796">
    <p class='ocr_par' dir='ltr' id='par_1_3' title="bbox 469 1042 1774 2722">
     <span class='ocr_line' id='line_1_10' title="bbox 550 1042 1770 1106; baseline 0.002 -18"><span class='ocrx_word' id='word_1_51' title='bbox 550 1058 569 1088; x_wconf 84' lang='lat'>1</span> <span class='ocrx_word' id='word_1_52' title='bbox 586 1058 625 1088; x_wconf 86' lang='lat'>1.</span> <span class='ocrx_word' id='word_1_53' title='bbox 680 1044 789 1090; x_wconf 82' lang='lat' dir='ltr'>Sive</span> <span class='ocrx_word' id='word_1_54' title='bbox 835 1043 1007 1090; x_wconf 84' lang='lat' dir='ltr'><strong>etenim</strong></span> <span class='ocrx_word' id='word_1_55' title='bbox 1054 1042 1240 1106; x_wconf 85' lang='lat' dir='ltr'>propria</span> <span class='ocrx_word' id='word_1_56' title='bbox 1289 1042 1508 1105; x_wconf 78' lang='lat' dir='ltr'>quaedam</span> <span class='ocrx_word' id='word_1_57' title='bbox 1524 1042 1770 1091; x_wconf 37' lang='lat' dir='ltr'>*humanae</span> 
     </span>
     <span class='ocr_line' id='line_1_11' title="bbox 477 1114 1773 1178; baseline 0.002 -17"><span class='ocrx_word' id='word_1_58' title='bbox 477 1114 589 1162; x_wconf 81' lang='lat' dir='ltr'>vitae</span> <span class='ocrx_word' id='word_1_59' title='bbox 616 1115 762 1162; x_wconf 84' lang='lat' dir='ltr'>virtus</span> <span class='ocrx_word' id='word_1_60' title='bbox 795 1116 974 1164; x_wconf 82' lang='lat' dir='ltr'>climati</span> <span class='ocrx_word' id='word_1_61' title='bbox 1019 1117 1340 1162; x_wconf 85' lang='lat' dir='ltr'>consentaneas</span> <span class='ocrx_word' id='word_1_62' title='bbox 1379 1116 1586 1178; x_wconf 88' lang='lat' dir='ltr'>corporis</span> <span class='ocrx_word' id='word_1_63' title='bbox 1611 1129 1773 1164; x_wconf 72' lang='lat' dir='ltr'>muta-v</span> 
     </span>
     <span class='ocr_line' id='line_1_12' title="bbox 478 1189 1771 1251; baseline 0.002 -16"><span class='ocrx_word' id='word_1_64' title='bbox 478 1189 628 1235; x_wconf 78' lang='lat' dir='ltr'>tiones</span> <span class='ocrx_word' id='word_1_65' title='bbox 676 1189 910 1245; x_wconf 80' lang='lat' dir='ltr'>excludat,</span> <span class='ocrx_word' id='word_1_66' title='bbox 967 1189 1061 1236; x_wconf 89' lang='lat' dir='ltr'>five</span> <span class='ocrx_word' id='word_1_67' title='bbox 1110 1189 1240 1251; x_wconf 88' lang='lat' dir='ltr'>quod</span> <span class='ocrx_word' id='word_1_68' title='bbox 1286 1205 1396 1235; x_wconf 89' lang='lat' dir='ltr'>vero</span> <span class='ocrx_word' id='word_1_69' title='bbox 1441 1190 1530 1235; x_wconf 78' lang='lat' dir='ltr'>effe</span> <span class='ocrx_word' id='word_1_70' title='bbox 1575 1189 1771 1238; x_wconf 78' lang='lat' dir='ltr'>similius</span> 
     </span>
     <span class='ocr_line' id='line_1_13' title="bbox 469 1261 1773 1326; baseline 0.002 -19"><span class='ocrx_word' id='word_1_71' title='bbox 469 1261 654 1324; x_wconf 83' lang='lat' dir='ltr'>judico,</span> <span class='ocrx_word' id='word_1_72' title='bbox 696 1264 820 1326; x_wconf 88' lang='lat' dir='ltr'>quod</span> <span class='ocrx_word' id='word_1_73' title='bbox 846 1264 974 1309; x_wconf 78' lang='lat' dir='ltr'>statae</span> <span class='ocrx_word' id='word_1_74' title='bbox 1004 1276 1231 1325; x_wconf 86' lang='lat' dir='ltr'>perpetuo</span> <span class='ocrx_word' id='word_1_75' title='bbox 1262 1276 1478 1308; x_wconf 88' lang='lat' dir='ltr'>motuum</span> <span class='ocrx_word' id='word_1_76' title='bbox 1502 1264 1773 1326; x_wconf 65' lang='lat' dir='ltr'>proportio&lt;</span> 
     </span>
     <span class='ocr_line' id='line_1_14' title="bbox 479 1334 1766 1402; baseline 0.003 -22"><span class='ocrx_word' id='word_1_77' title='bbox 479 1351 576 1390; x_wconf 89' lang='lat' dir='ltr'>nes,</span> <span class='ocrx_word' id='word_1_78' title='bbox 614 1334 850 1382; x_wconf 61' lang='lat' dir='ltr'>defeetum</span> <span class='ocrx_word' id='word_1_79' title='bbox 890 1336 1027 1381; x_wconf 82' lang='lat' dir='ltr'>unius</span> <span class='ocrx_word' id='word_1_80' title='bbox 1069 1335 1253 1382; x_wconf 86' lang='lat' dir='ltr'>alterius</span> <span class='ocrx_word' id='word_1_81' title='bbox 1295 1336 1614 1384; x_wconf 88' lang='lat' dir='ltr'>additamento</span> <span class='ocrx_word' id='word_1_82' title='bbox 1657 1338 1766 1402; x_wconf 85' lang='lat' dir='ltr'>sup-</span> 
     </span>
     <span class='ocr_line' id='line_1_15' title="bbox 477 1409 1774 1475; baseline 0.005 -22"><span class='ocrx_word' id='word_1_83' title='bbox 477 1409 652 1470; x_wconf 84' lang='lat' dir='ltr'>plente,</span> <span class='ocrx_word' id='word_1_84' title='bbox 692 1423 926 1465; x_wconf 85' lang='lat' dir='ltr'>maneant,</span> <span class='ocrx_word' id='word_1_85' title='bbox 972 1409 1055 1455; x_wconf 86' lang='lat' dir='ltr'>stat</span> <span class='ocrx_word' id='word_1_86' title='bbox 1080 1409 1204 1456; x_wconf 86' lang='lat' dir='ltr'>idem</span> <span class='ocrx_word' id='word_1_87' title='bbox 1228 1423 1456 1472; x_wconf 86' lang='lat' dir='ltr'>perpetuo</span> <span class='ocrx_word' id='word_1_88' title='bbox 1479 1410 1774 1475; x_wconf 75' lang='lat' dir='ltr'>ubicumque</span> 
     </span>
     <span class='ocr_line' id='line_1_16' title="bbox 478 1483 1769 1550; baseline 0.005 -23"><span class='ocrx_word' id='word_1_89' title='bbox 478 1483 640 1537; x_wconf 76' lang='lat' dir='ltr'>homo,</span> <span class='ocrx_word' id='word_1_90' title='bbox 696 1496 742 1529; x_wconf 91' lang='lat' dir='ltr'>et</span> <span class='ocrx_word' id='word_1_91' title='bbox 782 1484 910 1546; x_wconf 89' lang='lat' dir='ltr'>quod</span> <span class='ocrx_word' id='word_1_92' title='bbox 941 1483 1055 1540; x_wconf 86' lang='lat' dir='ltr'>dixi,</span> <span class='ocrx_word' id='word_1_93' title='bbox 1103 1484 1331 1532; x_wconf 77' lang='lat' dir='ltr'>consimili</span> <span class='ocrx_word' id='word_1_94' title='bbox 1378 1485 1557 1550; x_wconf 87' lang='lat' dir='ltr'>ubique</span> <span class='ocrx_word' id='word_1_95' title='bbox 1598 1486 1769 1535; x_wconf 80' lang='lat' dir='ltr'>caloris</span> 
     </span>
     <span class='ocr_line' id='line_1_17' title="bbox 478 1556 1772 1622; baseline 0.005 -21"><span class='ocrx_word' id='word_1_96' title='bbox 478 1556 626 1618; x_wconf 76' lang='lat' dir='ltr'>gradu</span> <span class='ocrx_word' id='word_1_97' title='bbox 647 1569 1046 1621; x_wconf 81' lang='lat' dir='ltr'>contemperatus,</span> <span class='ocrx_word' id='word_1_98' title='bbox 1068 1558 1112 1604; x_wconf 90' lang='lat' dir='ltr'>in</span> <span class='ocrx_word' id='word_1_99' title='bbox 1139 1559 1336 1605; x_wconf 87' lang='lat' dir='ltr'>eandem</span> <span class='ocrx_word' id='word_1_100' title='bbox 1361 1573 1590 1622; x_wconf 86' lang='lat' dir='ltr'>perpetuo</span> <span class='ocrx_word' id='word_1_101' title='bbox 1621 1561 1772 1608; x_wconf 84' lang='lat' dir='ltr'>inter--</span> 
     </span>
     <span class='ocr_line' id='line_1_18' title="bbox 477 1631 1764 1696; baseline 0.003 -20"><span class='ocrx_word' id='word_1_102' title='bbox 477 1646 643 1676; x_wconf 86' lang='lat' dir='ltr'>norum</span> <span class='ocrx_word' id='word_1_103' title='bbox 665 1644 1056 1696; x_wconf 84' lang='lat' dir='ltr'>externorumque</span> <span class='ocrx_word' id='word_1_104' title='bbox 1081 1647 1295 1679; x_wconf 89' lang='lat' dir='ltr'>motuum</span> <span class='ocrx_word' id='word_1_105' title='bbox 1316 1633 1545 1680; x_wconf 83' lang='lat' dir='ltr'>summam</span> <span class='ocrx_word' id='word_1_106' title='bbox 1567 1631 1665 1696; x_wconf 68' lang='lat' dir='ltr'>ejus</span> <span class='ocrx_word' id='word_1_107' title='bbox 1691 1637 1764 1682; x_wconf 82' lang='lat' dir='ltr'>vi-</span> 
     </span>
     <span class='ocr_line' id='line_1_19' title="bbox 475 1705 1768 1771; baseline 0.005 -21"><span class='ocrx_word' id='word_1_108' title='bbox 475 1717 572 1751; x_wconf 83' lang='lat' dir='ltr'>tam</span> <span class='ocrx_word' id='word_1_109' title='bbox 591 1705 774 1762; x_wconf 86' lang='lat' dir='ltr'>cadere,</span> <span class='ocrx_word' id='word_1_110' title='bbox 793 1706 928 1753; x_wconf 78' lang='lat' dir='ltr'>facile</span> <span class='ocrx_word' id='word_1_111' title='bbox 948 1707 1182 1754; x_wconf 87' lang='lat' dir='ltr'>monstrat.</span> <span class='ocrx_word' id='word_1_112' title='bbox 1205 1710 1383 1771; x_wconf 79' lang='lat' dir='ltr'>Qare,</span> <span class='ocrx_word' id='word_1_113' title='bbox 1398 1707 1426 1753; x_wconf 81' lang='lat' dir='ltr'>si</span> <span class='ocrx_word' id='word_1_114' title='bbox 1444 1707 1556 1770; x_wconf 86' lang='lat' dir='ltr'>quid</span> <span class='ocrx_word' id='word_1_115' title='bbox 1575 1722 1768 1771; x_wconf 83' lang='lat' dir='ltr'>propter</span> 
     </span>
     <span class='ocr_line' id='line_1_20' title="bbox 475 1776 1766 1843; baseline 0.005 -21"><span class='ocrx_word' id='word_1_116' title='bbox 475 1776 661 1840; x_wconf 79' lang='lat' dir='ltr'>frigoris</span> <span class='ocrx_word' id='word_1_117' title='bbox 693 1779 792 1826; x_wconf 90' lang='lat' dir='ltr'>vim</span> <span class='ocrx_word' id='word_1_118' title='bbox 829 1782 1141 1842; x_wconf 71' lang='lat' dir='ltr'>compaffiora</span> <span class='ocrx_word' id='word_1_119' title='bbox 1173 1780 1619 1843; x_wconf 81' lang='lat' dir='ltr'>Septentrionalium</span> <span class='ocrx_word' id='word_1_120' title='bbox 1657 1781 1766 1828; x_wconf 88' lang='lat' dir='ltr'>soli-</span> 
     </span>
     <span class='ocr_line' id='line_1_21' title="bbox 480 1848 1765 1913; baseline 0.004 -20"><span class='ocrx_word' id='word_1_121' title='bbox 480 1849 552 1903; x_wconf 86' lang='lat' dir='ltr'>da,</span> <span class='ocrx_word' id='word_1_122' title='bbox 589 1848 832 1912; x_wconf 86' lang='lat' dir='ltr'>plusquam</span> <span class='ocrx_word' id='word_1_123' title='bbox 858 1851 904 1896; x_wconf 87' lang='lat' dir='ltr'>in</span> <span class='ocrx_word' id='word_1_124' title='bbox 931 1851 1330 1897; x_wconf 82' lang='lat' dir='ltr'>Meridionalibus</span> <span class='ocrx_word' id='word_1_125' title='bbox 1357 1851 1534 1913; x_wconf 89' lang='lat' dir='ltr'>pollere</span> <span class='ocrx_word' id='word_1_126' title='bbox 1560 1851 1765 1898; x_wconf 82' lang='lat' dir='ltr'>credun-</span> 
     </span>
     <span class='ocr_line' id='line_1_22' title="bbox 477 1919 1765 1985; baseline 0.004 -19"><span class='ocrx_word' id='word_1_127' title='bbox 477 1935 571 1978; x_wconf 81' lang='lat' dir='ltr'>tur,</span> <span class='ocrx_word' id='word_1_128' title='bbox 609 1919 866 1968; x_wconf 86' lang='lat' dir='ltr'>videndum</span> <span class='ocrx_word' id='word_1_129' title='bbox 904 1922 984 1979; x_wconf 88' lang='lat' dir='ltr'>est,</span> <span class='ocrx_word' id='word_1_130' title='bbox 1016 1939 1167 1968; x_wconf 88' lang='lat' dir='ltr'>annon</span> <span class='ocrx_word' id='word_1_131' title='bbox 1205 1923 1417 1985; x_wconf 77' lang='lat' dir='ltr'>opposita</span> <span class='ocrx_word' id='word_1_132' title='bbox 1437 1922 1613 1969; x_wconf 87' lang='lat' dir='ltr'>ratione</span> <span class='ocrx_word' id='word_1_133' title='bbox 1648 1924 1765 1972; x_wconf 89' lang='lat' dir='ltr'>den-</span> 
     </span>
     <span class='ocr_line' id='line_1_23' title="bbox 478 1994 1767 2059; baseline 0.005 -20"><span class='ocrx_word' id='word_1_134' title='bbox 478 1995 592 2040; x_wconf 68' lang='lat' dir='ltr'>siora</span> <span class='ocrx_word' id='word_1_135' title='bbox 612 1994 833 2050; x_wconf 74' lang='lat' dir='ltr'>similiter,</span> <span class='ocrx_word' id='word_1_136' title='bbox 860 1995 1104 2059; x_wconf 82' lang='lat' dir='ltr'>minusque</span> <span class='ocrx_word' id='word_1_137' title='bbox 1121 2010 1367 2059; x_wconf 87' lang='lat' dir='ltr'>propterea</span> <span class='ocrx_word' id='word_1_138' title='bbox 1385 1995 1442 2043; x_wconf 85' lang='lat' dir='ltr'>ad</span> <span class='ocrx_word' id='word_1_139' title='bbox 1456 1995 1767 2046; x_wconf 83' lang='lat' dir='ltr'>circuendum</span> 
     </span>
     <span class='ocr_line' id='line_1_24' title="bbox 476 2067 1767 2130; baseline 0.004 -18"><span class='ocrx_word' id='word_1_140' title='bbox 476 2082 749 2129; x_wconf 67' lang='lat' dir='ltr'>comparata</span> <span class='ocrx_word' id='word_1_141' title='bbox 769 2084 929 2114; x_wconf 87' lang='lat' dir='ltr'>eorum</span> <span class='ocrx_word' id='word_1_142' title='bbox 950 2068 1036 2114; x_wconf 80' lang='lat' dir='ltr'>sint</span> <span class='ocrx_word' id='word_1_143' title='bbox 1054 2069 1214 2123; x_wconf 78' lang='lat' dir='ltr'>fluida,</span> <span class='ocrx_word' id='word_1_144' title='bbox 1236 2081 1288 2114; x_wconf 92' lang='lat' dir='ltr'>ut</span> <span class='ocrx_word' id='word_1_145' title='bbox 1307 2068 1430 2122; x_wconf 87' lang='lat' dir='ltr'>inde,</span> <span class='ocrx_word' id='word_1_146' title='bbox 1448 2084 1555 2130; x_wconf 84' lang='lat' dir='ltr'>quae</span> <span class='ocrx_word' id='word_1_147' title='bbox 1574 2067 1767 2117; x_wconf 81' lang='lat' dir='ltr'>istorum</span> 
     </span>
     <span class='ocr_line' id='line_1_25' title="bbox 475 2140 1765 2205; baseline 0.004 -18"><span class='ocrx_word' id='word_1_148' title='bbox 475 2157 665 2201; x_wconf 69' lang='lat' dir='ltr'>putatur</span> <span class='ocrx_word' id='word_1_149' title='bbox 689 2142 948 2205; x_wconf 82' lang='lat' dir='ltr'>expeditior</span> <span class='ocrx_word' id='word_1_150' title='bbox 974 2142 1193 2189; x_wconf 79' lang='lat' dir='ltr'>circuitus</span> <span class='ocrx_word' id='word_1_151' title='bbox 1218 2141 1311 2197; x_wconf 81' lang='lat' dir='ltr'>via,</span> <span class='ocrx_word' id='word_1_152' title='bbox 1337 2141 1416 2187; x_wconf 87' lang='lat' dir='ltr'>vix</span> <span class='ocrx_word' id='word_1_153' title='bbox 1431 2140 1694 2205; x_wconf 85' lang='lat' dir='ltr'>quidquam</span> <span class='ocrx_word' id='word_1_154' title='bbox 1715 2145 1765 2192; x_wconf 82' lang='lat' dir='ltr'>in</span> 
     </span>
     <span class='ocr_line' id='line_1_26' title="bbox 475 2215 1765 2277; baseline 0.003 -17"><span class='ocrx_word' id='word_1_155' title='bbox 475 2233 586 2262; x_wconf 71' lang='lat' dir='ltr'>vero</span> <span class='ocrx_word' id='word_1_156' title='bbox 622 2216 858 2262; x_wconf 82' lang='lat' dir='ltr'>fundetur.</span> <span class='ocrx_word' id='word_1_157' title='bbox 934 2216 1175 2263; x_wconf 78' lang='lat' dir='ltr'>Consimili</span> <span class='ocrx_word' id='word_1_158' title='bbox 1214 2216 1406 2270; x_wconf 83' lang='lat' dir='ltr'>ratione,</span> <span class='ocrx_word' id='word_1_159' title='bbox 1445 2216 1574 2277; x_wconf 90' lang='lat' dir='ltr'>quod</span> <span class='ocrx_word' id='word_1_160' title='bbox 1608 2215 1765 2264; x_wconf 79' lang='lat' dir='ltr'>laxius</span> 
     </span>
     <span class='ocr_line' id='line_1_27' title="bbox 478 2289 1763 2339; baseline 0.005 -6"><span class='ocrx_word' id='word_1_161' title='bbox 478 2290 525 2334; x_wconf 78' lang='lat' dir='ltr'>in</span> <span class='ocrx_word' id='word_1_162' title='bbox 546 2290 940 2337; x_wconf 78' lang='lat' dir='ltr'>Mei-idionalibus</span> <span class='ocrx_word' id='word_1_163' title='bbox 961 2291 1224 2336; x_wconf 85' lang='lat' dir='ltr'>cohaereant</span> <span class='ocrx_word' id='word_1_164' title='bbox 1247 2289 1392 2335; x_wconf 89' lang='lat' dir='ltr'>solida</span> <span class='ocrx_word' id='word_1_165' title='bbox 1417 2289 1639 2336; x_wconf 82' lang='lat' dir='ltr'>fibrarum</span> <span class='ocrx_word' id='word_1_166' title='bbox 1665 2291 1763 2339; x_wconf 78' lang='lat' dir='ltr'>ele·-</span> 
     </span>
     <span class='ocr_line' id='line_1_28' title="bbox 475 2363 1767 2427; baseline 0.005 -19"><span class='ocrx_word' id='word_1_167' title='bbox 475 2377 646 2417; x_wconf 81' lang='lat' dir='ltr'>menta‚</span> <span class='ocrx_word' id='word_1_168' title='bbox 675 2365 911 2411; x_wconf 63' lang='lat' dir='ltr'>aetuosum</span> <span class='ocrx_word' id='word_1_169' title='bbox 939 2364 1056 2427; x_wconf 86' lang='lat' dir='ltr'>q-uid</span> <span class='ocrx_word' id='word_1_170' title='bbox 1091 2374 1139 2410; x_wconf 88' lang='lat' dir='ltr'>et</span> <span class='ocrx_word' id='word_1_171' title='bbox 1164 2376 1384 2424; x_wconf 84' lang='lat' dir='ltr'>vegetum</span> <span class='ocrx_word' id='word_1_172' title='bbox 1409 2363 1559 2426; x_wconf 86' lang='lat' dir='ltr'>magis</span> <span class='ocrx_word' id='word_1_173' title='bbox 1598 2380 1767 2414; x_wconf 82' lang='lat' dir='ltr'>eorum·</span> 
     </span>
     <span class='ocr_line' id='line_1_29' title="bbox 474 2436 1759 2499; baseline 0.005 -17"><span class='ocrx_word' id='word_1_174' title='bbox 474 2438 577 2482; x_wconf 75' lang='lat' dir='ltr'>vasa</span> <span class='ocrx_word' id='word_1_175' title='bbox 614 2452 840 2499; x_wconf 83' lang='lat' dir='ltr'>permeat,</span> <span class='ocrx_word' id='word_1_176' title='bbox 880 2451 926 2485; x_wconf 85' lang='lat' dir='ltr'>et</span> <span class='ocrx_word' id='word_1_177' title='bbox 949 2436 1222 2484; x_wconf 73' lang='lat' dir='ltr'>mobilior-es</span> <span class='ocrx_word' id='word_1_178' title='bbox 1260 2436 1508 2485; x_wconf 70' lang='lat' dir='ltr'>universim</span> <span class='ocrx_word' id='word_1_179' title='bbox 1537 2439 1759 2488; x_wconf 79' lang='lat' dir='ltr'>humores</span> 
     </span>
     <span class='ocr_line' id='line_1_30' title="bbox 473 2511 1771 2560; baseline 0.002 -3"><span class='ocrx_word' id='word_1_180' title='bbox 473 2513 645 2558; x_wconf 80' lang='lat' dir='ltr'>habent</span> <span class='ocrx_word' id='word_1_181' title='bbox 669 2530 682 2559; x_wconf 77' lang='lat'>⁴.</span> <span class='ocrx_word' id='word_1_182' title='bbox 715 2513 983 2559; x_wconf 82' lang='lat' dir='ltr'>conferente</span> <span class='ocrx_word' id='word_1_183' title='bbox 1007 2514 1053 2560; x_wconf 85' lang='lat' dir='ltr'>in</span> <span class='ocrx_word' id='word_1_184' title='bbox 1078 2511 1124 2558; x_wconf 90' lang='lat' dir='ltr'>id</span> <span class='ocrx_word' id='word_1_185' title='bbox 1149 2527 1310 2558; x_wconf 85' lang='lat' dir='ltr'>eorum</span> <span class='ocrx_word' id='word_1_186' title='bbox 1330 2513 1598 2559; x_wconf 76' lang='lat' dir='ltr'>nutrimenti</span> <span class='ocrx_word' id='word_1_187' title='bbox 1620 2524 1771 2560; x_wconf 80' lang='lat' dir='ltr'>natu-&#39;</span> 
     </span>
     <span class='ocr_line' id='line_1_31' title="bbox 473 2583 1759 2647; baseline 0.002 -17"><span class='ocrx_word' id='word_1_188' title='bbox 473 2600 545 2631; x_wconf 83' lang='lat' dir='ltr'>ra:</span> <span class='ocrx_word' id='word_1_189' title='bbox 574 2600 741 2647; x_wconf 84' lang='lat' dir='ltr'>nempe</span> <span class='ocrx_word' id='word_1_190' title='bbox 765 2586 888 2646; x_wconf 87' lang='lat' dir='ltr'>quod</span> <span class='ocrx_word' id='word_1_191' title='bbox 916 2597 1137 2632; x_wconf 81' lang='lat' dir='ltr'>torrentes</span> <span class='ocrx_word' id='word_1_192' title='bbox 1173 2583 1265 2630; x_wconf 87' lang='lat' dir='ltr'>sole</span> <span class='ocrx_word' id='word_1_193' title='bbox 1292 2585 1448 2647; x_wconf 83' lang='lat' dir='ltr'>plagae</span> <span class='ocrx_word' id='word_1_194' title='bbox 1481 2585 1759 2632; x_wconf 75' lang='lat' dir='ltr'>aromaticas</span> 
     </span>
     <span class='ocr_line' id='line_1_32' title="bbox 470 2651 1754 2722; baseline 0.001 -19"><span class='ocrx_word' id='word_1_195' title='bbox 470 2660 678 2722; x_wconf 81' lang='lat' dir='ltr'>undique</span> <span class='ocrx_word' id='word_1_196' title='bbox 702 2670 747 2704; x_wconf 79' lang='lat' dir='ltr'>et</span> <span class='ocrx_word' id='word_1_197' title='bbox 774 2658 1031 2721; x_wconf 70' lang='lat' dir='ltr'>spirituosas</span> <span class='ocrx_word' id='word_1_198' title='bbox 1054 2658 1237 2722; x_wconf 84' lang='lat' dir='ltr'>plantas</span> <span class='ocrx_word' id='word_1_199' title='bbox 1266 2651 1447 2706; x_wconf 76' lang='lat' dir='ltr'>ferant:</span> <span class='ocrx_word' id='word_1_200' title='bbox 1490 2657 1754 2722; x_wconf 83' lang='lat' dir='ltr'>cujusmodi</span> 
     </span>
    </p>

    <p class='ocr_par' dir='ltr' id='par_1_4' title="bbox 1510 2729 1754 2796">
     <span class='ocr_line' id='line_1_33' title="bbox 1510 2729 1754 2796; baseline 0 -16"><span class='ocrx_word' id='word_1_201' title='bbox 1510 2729 1754 2796; x_wconf 82' lang='lat' dir='ltr'>principiis</span> 
     </span>
    </p>
   </div>
  </div>
 </body>
</html>
