1871 3211
464 237 528 296 76
655 235 812 295 ‚DE
878 213 1530 292 VIT.PER10D.'

459 367 555 416 tior
577 369 888 433 comparative
914 371 971 417 ad
989 369 1217 430 foeminas‚
1255 375 1460 424 virorum
1491 390 1617 434 aetas,
1643 379 1739 428 dif-

459 439 574 487 ficili
616 458 777 489 eorum
818 443 929 489 vitae
966 443 1186 504 instituto,
1225 449 1352 509 quod
1387 450 1478 497 illae
1505 451 1736 512 devitant,

455 512 625 563 rectius
667 515 889 563 vertenda
927 515 996 571 fit,
1037 521 1407 582 quamproprie
1441 536 1486 568 et
1527 523 1739 572 absoluto

454 589 663 636 virorum
689 588 783 636 fato
804 587 855 636 ¹⁸.
926 589 1066 636 Certe
1087 593 1412 641 Foeminarum
1437 611 1628 660 corpora
1651 598 1738 645 de-

455 661 625 710 biliora
648 661 912 718 univerfim,
962 679 1105 725 quam
1140 664 1345 712 virorum
1386 667 1505 724 sunt,
1539 682 1591 716 ut
1629 670 1737 717 nus-

453 736 581 800 piam
620 736 667 783 in
691 737 821 783 omni
853 735 946 782 fere
969 737 1064 784 vita
1088 739 1340 801 pueritiam
1372 743 1627 804 quamdam
1658 760 1736 792 ea-

454 828 560 858 rum
584 814 817 875 pleraeque
842 824 1026 858 exuant.
1099 814 1224 860 Cum
1249 831 1361 862 vero
1386 833 1410 862 a
1428 817 1653 879 vigesimo
1677 818 1735 864 ad

454 886 743 948 trigefimum
772 886 950 932 sextum
975 903 1163 943 annum,
1191 904 1263 935 eas
1289 891 1576 953 graviditatis
1609 893 1734 954 peri-

455 961 561 1006 cula
584 976 758 1022 magno
782 975 974 1006 numero
1004 973 1206 1019 teneant,
1246 979 1297 1008 ea
1323 977 1564 1026 propterea
1588 983 1734 1012 anno-

452 1046 780 1080 rumvertente
809 1033 1023 1096 periodO,
1060 1050 1220 1080 earum
1270 1037 1472 1082 deterior
1524 1038 1734 1087 conditio

452 1107 531 1163 est,
574 1122 831 1170 earumque
863 1108 1121 1153 mortalitas
1147 1108 1266 1154 virili
1305 1110 1357 1155 fit
1376 1107 1554 1172 major:
1604 1113 1733 1176 quod

451 1184 577 1231 edita
601 1182 857 1232 Stokolmii
883 1183 1169 1247 Necrologia
1193 1182 1399 1235 suadent.

522 1349 600 1392 14.
638 1334 729 1381 Sed
769 1346 935 1397 praeter
972 1349 1249 1381 communes
1290 1335 1392 1382 istas
1439 1336 1731 1384 mortalitatis

450 1409 799 1470 progreffiones,
816 1425 920 1471 quae
938 1410 1104 1471 pariter
1117 1409 1330 1455 omnium
1347 1410 1590 1456 hominum
1610 1411 1731 1470 sunt,

449 1479 568 1542 saepe
592 1480 734 1527 etiam
757 1481 931 1544 proprii
959 1482 1152 1545 quidam
1182 1482 1481 1529 climacterici
1509 1482 1731 1530 circuitus

450 1553 656 1615 integras
681 1554 982 1601 Familiarum
1024 1555 1323 1618 cognationes
1347 1555 1572 1610 obfident,
1611 1572 1731 1618 quos
1775 1572 1780 1578 ³

449 1625 586 1682 ultra,
613 1643 696 1673 nec
718 1627 843 1675 diem
872 1627 964 1673 fere
990 1626 1184 1690 integrae
1209 1641 1423 1675 natorum
1441 1626 1631 1675 familiae
1656 1628 1729 1674 vi-

448 1697 607 1746 deant.
681 1703 793 1764 Qo
817 1700 954 1746 semel
979 1700 1103 1747 enim
1130 1701 1183 1747 ad
1211 1717 1317 1746 eum
1346 1701 1590 1747 circuitum
1615 1717 1730 1748 ven-

449 1786 556 1820 tum
602 1775 679 1832 est,
717 1775 935 1823 omnibus
978 1776 1162 1838 pariter,
1208 1790 1254 1823 et
1298 1789 1488 1839 propter
1527 1776 1731 1823 eundern

449 1848 569 1911 saepe
593 1851 812 1897 morbum
838 1850 986 1897 fatalis
1023 1852 1203 1896 summa
1227 1851 1489 1896 conficitur.
1560 1847 1729 1912 Cujus-

449 1924 579 1971 modi
618 1926 847 1988 exempla,
889 1924 1017 1988 quod
1052 1924 1154 1972 satis
1190 1926 1236 1971 in
1269 1924 1457 1973 Clinica
1494 1925 1729 1988 explorata

449 1998 550 2054 fint,
580 1998 660 2045 vix
700 1998 836 2045 ditari
880 1998 1095 2061 amplius,
1131 2014 1282 2063 neque
1314 1998 1510 2045 aliorum
1535 1998 1728 2061 adjunc-

447 2072 577 2119 tione
601 2073 806 2120 roborari
832 2073 1078 2136 postulant.
1152 2073 1367 2120 Arbitror
1403 2089 1605 2135 namque
1637 2073 1727 2120 s1n-

446 2146 629 2206 gulares
653 2146 877 2210 quosdam
915 2147 1104 2193 vivendi
1129 2148 1347 2193 terminos
1390 2147 1582 2209 singulis
1608 2164 1726 2210 pene

446 2220 656 2268 Familiis
681 2223 864 2268 Natura
888 2221 1157 2268 constitutos
1174 2237 1253 2284 per
1277 2220 1520 2267 traducem
1546 2221 1591 2267 in
1618 2222 1723 2284 pos-

444 2296 678 2342 teritatem
694 2295 936 2359 praetendi,
955 2296 1123 2357 pariter
1143 2310 1282 2358 atque
1299 2295 1599 2342 Familiarum
1617 2297 1725 2359 ple-

446 2386 696 2432 rarumque
737 2370 940 2434 corporis
965 2370 1256 2424 lineamenta,
1297 2370 1535 2433 animique
1573 2386 1723 2418 mores

446 2442 566 2490 seros
593 2443 648 2488 ad
673 2443 814 2506 usque
839 2445 1052 2507 Nepotes
1086 2442 1336 2489 transeunt.
1407 2444 1475 2490 At
1513 2441 1593 2489 ista
1617 2442 1724 2506 qui-

491 2626 526 2677 3³
555 2626 1168 2679 Conf.A1amb.Hst.del’Aca‹L
1192 2629 1247 2666 des
1276 2629 1343 2667 scs.
1362 2628 1543 2673 AerAnn,
1567 2600 1674 2678 1‘371,

1607 2744 1718 2797 dem
