1871 3211
355 200 1072 251 SANORUM.
1276 217 1340 263 43

60 335 124 382 ob
148 349 288 399 quam
321 349 474 397 neque
506 333 768 389 comedere,
795 348 949 396 neque
976 331 1153 386 bibere,
1197 348 1349 394 neque

63 410 262 459 dormire
286 423 482 472 poterat.
553 408 801 473 Ejusmodi
843 406 1152 473 nihilominus
1191 408 1348 469 perio-

61 485 164 541 dus,
207 485 327 532 reeta
364 486 551 534 valente
575 484 949 539 menstruatione,
990 483 1072 529 vix
1091 477 1351 529 'multarum

62 559 124 618 est
146 576 156 605 ε
184 560 399 623 plurimis
412 562 536 608 enim
563 560 608 607 in
628 572 867 623 quartum,
888 557 1096 622 aliosque
1114 556 1217 620 post
1236 555 1351 611 dies,

64 624 296 691 frequenti
322 629 541 692 exemplo
563 626 837 692 porrigitur.

130 782 188 829 B.
225 781 348 829 Eam
390 799 549 830 revera
576 782 666 829 effe
696 780 951 844 aliquando
990 779 1358 826 medicamento-

65 869 169 903 rum
206 857 502 919 potestatem,
542 873 650 919 quae
670 856 905 903 mitissima
940 854 1098 909 etiam,
1137 851 1264 899 secus
1288 866 1362 898 ta-

66 946 174 976 men
218 930 448 994 impetum
493 933 690 978 Naturae
735 931 1017 977 deflefitant:
1057 944 1162 992 quae
1197 943 1363 973 eorum

68 1004 276 1051 maxime
303 1018 579 1068 argumenta
602 1004 722 1060 sunt,
760 1004 842 1067 qui
865 1003 1124 1051 Medicinae
1148 1000 1365 1048 affivita-

69 1091 168 1125 tem
198 1078 423 1140 plurimo,
458 1078 503 1125 in
529 1078 803 1126 morborum
827 1077 1051 1140 periodis,
1090 1089 1136 1121 et
1158 1074 1366 1130 crifibus,

71 1153 412 1215 impedimento
450 1154 537 1199 effe
578 1166 773 1215 putant:
819 1168 938 1215 quos
977 1150 1206 1214 superiore
1246 1149 1369 1195 libro

71 1228 477 1290 oppugnavimus.
514 1228 691 1288 Neque
718 1226 843 1272 enim
868 1226 1073 1272 exhibita
1092 1223 1370 1270 Boerhaavii

75 1301 310 1357 consultu,
354 1313 523 1348 vexato
550 1301 729 1347 homini
754 1300 976 1353 remedia,
1002 1315 1227 1360 magnam
1253 1298 1370 1344 adeo

76 1390 298 1425 motuum
358 1376 710 1424 conversionem
757 1374 1028 1430 effecifl‘ent,
1076 1373 1157 1419 nisi
1215 1373 1374 1419 nativa

77 1452 299 1516 quaedam
325 1467 608 1515 organorum
632 1450 892 1506 mobilitaS,
935 1447 1071 1496 facile
1097 1448 1142 1494 in
1167 1464 1242 1494 eas
1269 1464 1374 1494 mo-

78 1539 214 1595 tuum
248 1527 560 1574 aberrationes
593 1526 829 1591 dispofita,
856 1541 1020 1572 eorum
1046 1524 1147 1570 vim
1173 1523 1269 1586 ipsa
1294 1539 1374 1570 ro-

81 1600 344 1653 boraviffet.
415 1603 590 1664 Neque
639 1617 693 1647 ea
738 1614 986 1664 propterea
1033 1614 1265 1661 congruas
1309 1597 1377 1644 ei-

80 1676 190 1722 dem
213 1689 587 1739 temperamento
606 1688 826 1723 motuum
846 1673 1206 1722 consuetudines
1227 1688 1283 1719 ex
1302 1671 1375 1720 in-

79 1761 213 1812 tegro
240 1748 638 1795 immutaverunt:
681 1765 848 1812 nempe
874 1747 1002 1812 quod
1039 1745 1214 1793 alicubi
1248 1745 1371 1791 veti-

85 1836 161 1877 tae,
190 1823 298 1870 alibi
325 1823 614 1886 ingeminato
633 1823 848 1886 prodiere
875 1835 1046 1869 conatu
1069 1837 1079 1866 ε
1102 1837 1210 1882 quae
1233 1818 1380 1866 ferme

69 1908 363 1942 ‘caeterarum
393 1897 717 1943 morbosarum
758 1895 1149 1943 consuetudinum
1173 1892 1381 1940 indebite

90 1970 346 2017 sanatarum
377 1971 492 2017 ratio
536 1972 613 2027 est,
656 1971 734 2017 nisi
790 1971 970 2033 reliqua
1013 1967 1238 2023 similiter,
1277 1983 1386 2031 quae

93 2043 152 2090 ad
172 2037 307 2092 solita
324 2045 448 2092 Vitae
475 2045 676 2092 instituta
695 2044 946 2109 pertinent,
973 2041 1183 2105 compari
1205 2040 1384 2088 ratione

93 2118 403 2167 immutentur
422 2117 454 2166 ¹¹.

167 2266 225 2313 C.
293 2267 539 2324 Praeterea,
607 2265 724 2330 quid
781 2275 1110 2328 quantumque
1167 2263 1391 2324 temporis

99 2342 426 2403 opportunitas
499 2341 818 2388 remediorum
876 2337 1102 2385 affivitati
1164 2335 1392 2393 conferat,

103 2413 387 2477 ampliffimo
428 2416 511 2462 isto
551 2429 681 2479 patet
716 2414 854 2460 loco:
895 2412 1088 2458 instante
1126 2412 1252 2458 enim
1290 2411 1396 2458 Na-

106 2503 221 2537 turae
247 2492 443 2554 impetu,
473 2492 535 2537 nil
567 2491 650 2538 nisi
675 2488 958 2535 considerate
983 2487 1272 2536 movendum
1300 2486 1394 2540 est3

235 2649 249 2672 fi
281 2649 397 2689 Cnnf.
415 2653 504 2704 Cap.
526 2651 607 2690 viii.
626 2653 677 2690 P,
700 2651 732 2690 I.
755 2651 840 2690 Lib.
857 2651 890 2694 I.
921 2661 954 2689 et
969 2651 1058 2704 Cap·
1079 2648 1147 2688 vii·
1165 2651 1218 2691 ,Ρ-
1239 2648 1291 2687 H.
1377 2699 1406 2714 ,Δ

283 2746 301 2768 2,
474 2730 492 2759 ι
1317 2720 1410 2754 ruit
