1871 3211
462 271 1155 321 CAUSSIS.
1363 271 1457 333 183

161 403 259 452 rico
283 421 384 453 aere
408 404 623 461 affinitas,
666 418 833 468 praeter
857 420 1001 469 quam
1040 403 1248 467 primum
1280 416 1325 450 et
1348 420 1457 467 per-

158 493 357 542 petuum
386 480 431 526 in
455 479 583 526 omni
611 479 722 526 Vita
744 478 1055 543 respirationis
1095 477 1458 526 incitamentum

155 553 227 612 sit,
266 554 404 610 certis
429 571 621 619 quoque
646 554 875 600 viscerum
903 553 1254 608 nonnullorum,
1289 551 1459 598 statuto

157 637 369 690 tempore
409 627 707 676 incrementis
745 627 946 690 praeerit,
988 641 1170 690 proque
1197 623 1293 686 ejus
1322 624 1458 672 aucto

156 713 237 746 aut
256 702 507 750 imminuto
529 704 575 749 in
596 702 849 765 pulmones
889 700 1099 763 appulsu,
1146 699 1309 746 statam
1335 716 1458 762 quo-

152 790 249 836 que
273 775 492 827 vitalium
513 789 730 823 motuum
756 775 803 822 in
839 774 969 821 omni
996 789 1193 836 corpore
1220 771 1455 819 summam

160 847 404 897 custodiet.
500 853 810 914 Qamquam
850 861 968 911 puto
1015 847 1239 910 equidem
1281 847 1460 904 multis,

155 922 310 970 nostra
334 925 432 971 haec
459 940 567 986 quae
592 941 647 970 ex
676 922 880 972 Chinica
906 922 950 968 in
973 921 1095 967 hunc
1121 921 1283 968 locum
1311 921 1458 969 trans-

156 995 366 1053 tulimus,
423 997 503 1044 vix
549 1014 601 1044 ac
646 1014 700 1043 ne
749 997 828 1043 vix
874 995 1069 1059 quidem
1116 996 1460 1058 probabuntur,

157 1084 325 1131 nempe
351 1071 481 1133 quod
512 1069 744 1134 judicent,
788 1069 881 1116 fere
908 1085 1032 1115 nova
1056 1069 1276 1132 quaedam
1299 1082 1459 1117 motu-

160 1158 260 1198 um,
298 1156 344 1189 et
389 1144 627 1192 actionum
673 1143 902 1207 principia
939 1143 1101 1190 Vitam
1150 1159 1344 1189 omnem
1386 1160 1462 1191 re-

154 1231 283 1278 gere,
327 1234 433 1280 quae
469 1217 629 1275 unico,
675 1233 721 1265 et
744 1215 1164 1281 privatiffimojure
1190 1217 1458 1269 viventibus

156 1288 347 1347 tributa,
389 1290 453 1336 nil
479 1290 698 1347 habeant,
743 1293 873 1355 quod
899 1306 1006 1338 cum
1042 1289 1221 1335 caeteris
1265 1289 1457 1350 inorga-

159 1361 375 1408 nieorum
413 1376 631 1411 motuum
665 1364 849 1425 legibus
876 1361 1073 1410 conferri
1098 1362 1249 1423 poffit.
1323 1363 1461 1426 Qo-

157 1450 261 1481 rum
279 1433 461 1498 judicia
485 1433 601 1481 dum
637 1434 842 1490 sinimus,
880 1450 972 1479 non
1011 1434 1199 1480 interim
1225 1433 1279 1479 iis
1316 1433 1461 1498 usque

158 1501 276 1548 adeo
301 1501 595 1565 acquiescere
634 1501 766 1549 nobis
807 1501 983 1547 neceffe
1011 1501 1099 1546 effe
1124 1500 1363 1556 duximus,
1402 1515 1457 1548 ut

156 1580 250 1630 eas,
268 1592 383 1639 quas
400 1577 704 1623 elementares
723 1576 961 1633 novimus,
979 1576 1395 1632 subtiliffimorum,
1415 1589 1462 1624 et

157 1648 534 1695 activiffimorum
555 1649 896 1713 principiorum
914 1649 1180 1706 affinitates,
1202 1665 1296 1694 non
1317 1648 1461 1695 etiam

155 1722 213 1768 ad
237 1721 503 1768 viventium
535 1738 750 1785 corpora,
789 1723 916 1786 quasi
956 1722 1333 1784 experimentum
1359 1719 1459 1766 fac-

159 1795 248 1842 turi
275 1796 640 1850 traduceremus,
679 1808 724 1841 et
750 1794 780 1841 fi
806 1794 1072 1858 quidquam
1100 1791 1231 1838 exiis
1265 1791 1311 1837 in
1336 1791 1462 1837 Vitae

159 1867 560 1931 contemplatione
584 1869 814 1930 proficere
838 1867 1051 1930 poffibile
1085 1867 1209 1921 effet,
1237 1864 1464 1911 monstra-

159 1957 334 1988 remus.
696 1954 701 1957 ⁴

227 2103 307 2151 27.
347 2091 657 2155 Qiamquam
674 2085 1040 2151 pubescentium
1066 2086 1332 2149 puellarum
1358 2087 1462 2132 {an-

160 2165 353 2228 guineas
402 2164 686 2227 eruptiones,
744 2178 851 2225 quae
896 2161 1092 2208 minime
1133 2161 1292 2223 pueris
1341 2159 1462 2208 inte-

161 2255 243 2300 gre
267 2238 534 2285 valentibus
576 2235 814 2291 eveniunt,
859 2235 903 2282 in
938 2233 1231 2298 primordiali
1258 2233 1463 2296 quadam

162 2311 382 2358 foeminei
404 2310 614 2374 corporis
639 2308 846 2363 laxitate,
890 2307 965 2354 seu
999 2306 1182 2370 majori,
1211 2323 1354 2370 quam
1390 2306 1464 2353 vi-

163 2401 322 2441 rorum
342 2385 560 2441 mollitie,
593 2382 777 2429 fundari
794 2381 1004 2445 poffibile
1028 2381 1091 2428 est
1112 2399 1122 2427 ι
1161 2380 1254 2428 five
1273 2392 1435 2428 contra
1452 2398 1466 2427 ε

163 2475 350 2521 nempe,
377 2459 507 2521 quod
547 2458 699 2504 taliter
738 2456 950 2503 ordinata
977 2457 1229 2503 mulierum
1270 2453 1462 2511 fabrica,

163 2534 351 2596 animali
378 2533 545 2587 halitu,
572 2546 617 2577 et
640 2531 860 2593 sanguine
885 2530 1021 2578 facile
1049 2545 1170 2578 trans
1194 2547 1296 2578 eam
1315 2547 1463 2594 pene-

165 2606 338 2670 trabili,
376 2604 638 2668 sanguineis
657 2603 886 2666 ejusmodi
901 2605 1142 2668 profluviis
1161 2605 1294 2652 initio
1319 2621 1343 2649 a
1368 2605 1466 2650 Pu-

167 2679 345 2728 berta'te
387 2678 509 2727 facto
547 2691 721 2743 pateat,
766 2678 871 2725 inde
895 2681 1040 2728 virilis
1072 2681 1346 2729 Solidorum
1385 2678 1467 2723 fir-

760 2753 811 2799 N
848 2771 881 2812 4
1315 2750 1472 2809 mitas‚
