1871 3211
441 317 534 381 2‘12
670 302 786 350 DE
841 301 1024 351 VIT.
1082 298 1468 349 PERluoD.

442 435 747 492 distorfiones,
776 435 1099 498 junEturarum
1125 446 1349 490 tumores,
1392 444 1439 480 et
1464 431 1573 480 nodi
1608 446 1719 495 pro-

439 510 605 569 deunt,
650 510 897 556 Rachitico
921 510 1080 556 habitu
1106 509 1269 556 sensim
1312 505 1582 554 invalente?
1626 504 1721 551 Vix

442 598 565 630 certe
590 583 788 630 dubium
815 584 894 640 est,
920 600 997 632 eos
1023 583 1105 648 qui
1130 578 1199 630 fic¹
1215 594 1462 646 aegrotant,
1485 597 1577 627 non
1596 594 1721 640 aegre

441 656 590 703 solum
615 657 851 720 respirare,
892 656 1191 714 catarrhosos,
1233 669 1278 702 et
1293 657 1395 702 tusfi
1409 653 1591 700 culosos
1616 652 1721 706 effe,

442 729 518 775 sed
542 746 621 776 eos
647 746 837 794 quoque
856 729 974 792 saepe
994 729 1255 791 pulmonari
1282 729 1451 775 morbo
1474 727 1723 773 suffocatos

441 802 638 859 interire,
681 804 840 864 nilque
881 803 937 846 iis
980 818 1116 863 aeque
1141 803 1367 862 prodeffe,
1393 814 1533 864 atque
1559 814 1723 846 eorum

441 877 590 931 usum,
632 892 727 937 quo
766 891 875 920 cum
917 874 1040 920 cutis
1081 872 1217 934 vigor
1263 872 1532 927 intenditur,
1573 869 1722 933 cujus-

442 948 570 995 modi
598 948 757 994 subitae
782 947 826 992 in
852 945 1020 1007 frigida
1045 943 1375 999 immersiones,
1402 956 1448 989 et
1467 942 1726 990 lavationes

445 1021 674 1084 imprimis
700 1020 819 1067 sunt.
889 1019 1206 1065 Observatum
1229 1016 1292 1064 est
1333 1016 1476 1063 etiarn
1517 1014 1573 1062 iis
1610 1015 1728 1078 saepe

444 1093 657 1142 consulto
682 1093 1008 1140 exanthemata
1032 1093 1219 1139 Natura
1244 1090 1440 1146 moveri,
1458 1090 1504 1136 in
1524 1104 1725 1152 quorum

443 1170 634 1225 recessu,
678 1167 965 1231 squammosa
990 1179 1094 1212 cute
1119 1166 1332 1224 decidua,
1356 1177 1620 1230 opportune
1640 1180 1727 1212 cu-

445 1243 504 1290 tis
529 1241 755 1306 spiracula
786 1241 1052 1288 reserantur.

514 1390 592 1438 62.
633 1390 722 1438 Sed
748 1390 837 1436 alia
861 1389 1041 1453 insuper
1059 1387 1281 1452 ejusmodi
1306 1386 1513 1436 Infantes
1537 1385 1728 1441 habent,

447 1482 553 1528 quae
580 1481 688 1512 cum
716 1481 789 1519 eo,
829 1479 973 1526 quem
1015 1464 1160 1511 modo
1197 1463 1534 1527 descripfimus,
1576 1461 1728 1508 senilis

446 1539 572 1585 Vitae
592 1539 771 1593 habitu,
799 1539 1002 1583 multum
1029 1537 1338 1594 consentiunt,
1365 1552 1514 1600 eaque
1539 1552 1631 1583 non
1655 1551 1728 1582 ra-

447 1611 729 1658 chiticorum
755 1611 1011 1664 dumtaxat,
1037 1610 1110 1657 sed
1129 1612 1386 1657 Puerorum
1406 1609 1500 1656 fere
1515 1609 1730 1657 omnium

448 1685 567 1740 sunt,
628 1675 741 1730 'licet
789 1683 991 1746 plurima
1033 1685 1250 1747 utrinque
1290 1683 1500 1747 opposita
1546 1682 1729 1745 prorsus

447 1772 626 1805 ratione
668 1756 892 1814 constent,
949 1756 1064 1801 inter
1103 1772 1207 1819 quae
1247 1757 1293 1803 in
1334 1757 1420 1804 rite
1463 1756 1730 1802 valentibus

447 1833 611 1878 Pueris
661 1845 852 1876 cutanea
891 1828 1122 1874 absorbtio
1172 1830 1407 1888 ditiffima,
1458 1830 1731 1893 internaque

445 1902 651 1960 fortaffis,
686 1919 779 1949 non
806 1903 936 1958 item,
976 1915 1133 1948 contra
1155 1917 1300 1963 quam
1325 1902 1371 1948 in
1397 1903 1615 1951 Senibus.
1688 1903 1729 1950 Ii

449 1995 574 2026 certe
619 1976 919 2027 medicabiles
959 1975 1321 2037 pharmacorum
1366 1976 1505 2033 vires,
1549 1977 1730 2025 summa

451 2054 601 2100 adhue
638 2063 759 2105 cute,
808 2062 937 2098 ext-„s
974 2049 1207 2105 hauriunt,
1250 2048 1449 2111 indeque
1474 2047 1567 2095 fere
1591 2065 1731 2116 atque

453 2127 574 2173 intus
600 2123 793 2185 sumptis
819 2122 933 2182 saepe
960 2133 1176 2167 curantur
1202 2124 1261 2176 33,
1305 2133 1406 2167 tum
1433 2125 1734 2172 exanthema-

452 2198 555 2245 ticis
581 2195 773 2248 morbis,
810 2192 930 2239 facili
976 2192 1193 2254 contagio
1221 2194 1565 2257 corripiuntur3
1615 2214 1733 2261 quo-

455 2289 563 2319 rum
616 2269 830 2318 omnium
877 2269 1016 2330 longe
1061 2267 1230 2315 distans
1284 2269 1345 2315 est
1402 2269 1448 2315 in
1489 2271 1736 2323 Senecfiimte

453 2358 585 2396 ratlo.

524 2490 603 2550 63.
641 2487 807 2534 Nihilo
848 2484 1003 2532 tamen
1035 2488 1207 2542 minus,
1244 2502 1336 2533 non
1361 2487 1560 2537 minimo
1585 2493 1734 2540 utrin-

456 2580 547 2627 que
585 2559 856 2621 analogismi
898 2560 1082 2616 inditio,
1121 2572 1288 2622 praeter
1325 2563 1491 2608 offium
1528 2566 1733 2622 morb08‚

675 2721 711 2746 ³³
730 2719 872 2758 Confer
889 2733 976 2772 quae
995 2719 1104 2769 supra
1122 2719 1301 2772 diximus,
1322 2733 1410 2774 pag.
1433 2734 1519 2775 171.

1616 2803 1732 2850 quos
