<?xml version="1.0" encoding="UTF-8"?>
<!DOCTYPE html PUBLIC "-//W3C//DTD XHTML 1.0 Transitional//EN"
    "http://www.w3.org/TR/xhtml1/DTD/xhtml1-transitional.dtd">
<html xmlns="http://www.w3.org/1999/xhtml" xml:lang="en" lang="en">
 <head>
  <title>
</title>
<meta http-equiv="Content-Type" content="text/html;charset=utf-8" />
  <meta name='ocr-system' content='tesseract 3.04.00' />
  <meta name='ocr-capabilities' content='ocr_page ocr_carea ocr_par ocr_line ocrx_word'/>
</head>
<body>
  <div class='ocr_page' id='page_1' title='image "./devitalibusperio02testuoft_0158.png"; bbox 0 0 1871 3211; ppageno 0'>
   <div class='ocr_carea' id='block_1_1' title="bbox 467 198 1496 263">
    <p class='ocr_par' dir='ltr' id='par_1_1' title="bbox 467 198 1496 263">
     <span class='ocr_line' id='line_1_1' title="bbox 467 198 1496 263; baseline -0.007 -10"><span class='ocrx_word' id='word_1_1' title='bbox 467 219 564 263; x_wconf 77' lang='lat'>144</span> <span class='ocrx_word' id='word_1_2' title='bbox 694 200 814 249; x_wconf 88' lang='lat' dir='ltr'>DE</span> <span class='ocrx_word' id='word_1_3' title='bbox 868 198 1496 249; x_wconf 81' lang='lat' dir='ltr'>VIT.PER10D.</span> 
     </span>
    </p>
   </div>
   <div class='ocr_carea' id='block_1_2' title="bbox 535 329 1743 399">
    <p class='ocr_par' dir='ltr' id='par_1_2' title="bbox 535 329 1743 399">
     <span class='ocr_line' id='line_1_2' title="bbox 535 329 1743 399; baseline -0.004 -16"><span class='ocrx_word' id='word_1_4' title='bbox 535 350 611 383; x_wconf 80' lang='lat'>10.</span> <span class='ocrx_word' id='word_1_5' title='bbox 650 336 813 399; x_wconf 85' lang='lat' dir='ltr'>Qare</span> <span class='ocrx_word' id='word_1_6' title='bbox 838 348 950 382; x_wconf 89' lang='lat' dir='ltr'>cum</span> <span class='ocrx_word' id='word_1_7' title='bbox 974 333 1166 389; x_wconf 86' lang='lat' dir='ltr'>Lunam</span> <span class='ocrx_word' id='word_1_8' title='bbox 1180 331 1475 398; x_wconf 86' lang='lat' dir='ltr'>tempestates</span> <span class='ocrx_word' id='word_1_9' title='bbox 1500 329 1743 389; x_wconf 84' lang='lat' dir='ltr'>custodire,</span> 
     </span>
    </p>
   </div>
   <div class='ocr_carea' id='block_1_3' title="bbox 464 405 1792 473">
    <p class='ocr_par' dir='ltr' id='par_1_3' title="bbox 464 405 1792 473">
     <span class='ocr_line' id='line_1_3' title="bbox 464 405 1792 473; baseline -0.005 -14"><span class='ocrx_word' id='word_1_10' title='bbox 464 424 811 473; x_wconf 88' lang='lat' dir='ltr'>ventorumque</span> <span class='ocrx_word' id='word_1_11' title='bbox 834 422 979 464; x_wconf 82' lang='lat' dir='ltr'>ortuS‚</span> <span class='ocrx_word' id='word_1_12' title='bbox 1014 420 1061 454; x_wconf 90' lang='lat' dir='ltr'>et</span> <span class='ocrx_word' id='word_1_13' title='bbox 1079 419 1295 471; x_wconf 90' lang='lat' dir='ltr'>tempora</span> <span class='ocrx_word' id='word_1_14' title='bbox 1316 405 1546 465; x_wconf 83' lang='lat' dir='ltr'>ordinare,</span> <span class='ocrx_word' id='word_1_15' title='bbox 1570 405 1751 454; x_wconf 84' lang='lat' dir='ltr'>multo·</span> <span class='ocrx_word' id='word_1_16' title='bbox 1785 431 1792 436; x_wconf 80' lang='lat'><em>-</em></span> 
     </span>
    </p>
   </div>
   <div class='ocr_carea' id='block_1_4' title="bbox 463 481 1759 2177">
    <p class='ocr_par' dir='ltr' id='par_1_4' title="bbox 463 481 1759 2177">
     <span class='ocr_line' id='line_1_4' title="bbox 464 481 1756 549; baseline -0.005 -15"><span class='ocrx_word' id='word_1_17' title='bbox 464 503 567 534; x_wconf 88' lang='lat' dir='ltr'>rum</span> <span class='ocrx_word' id='word_1_18' title='bbox 585 484 771 549; x_wconf 89' lang='lat' dir='ltr'>judicio</span> <span class='ocrx_word' id='word_1_19' title='bbox 795 481 1201 533; x_wconf 66' lang='lat' dir='ltr'>verosimillimum</span> <span class='ocrx_word' id='word_1_20' title='bbox 1235 481 1304 539; x_wconf 85' lang='lat' dir='ltr'>fit,</span> <span class='ocrx_word' id='word_1_21' title='bbox 1334 483 1581 548; x_wconf 91' lang='lat' dir='ltr'>multaque</span> <span class='ocrx_word' id='word_1_22' title='bbox 1617 481 1756 546; x_wconf 85' lang='lat' dir='ltr'>plane</span> 
     </span>
     <span class='ocr_line' id='line_1_5' title="bbox 463 555 1756 622; baseline -0.002 -14"><span class='ocrx_word' id='word_1_23' title='bbox 463 578 650 616; x_wconf 83' lang='lat' dir='ltr'>aereum</span> <span class='ocrx_word' id='word_1_24' title='bbox 673 560 837 608; x_wconf 86' lang='lat' dir='ltr'>aestum</span> <span class='ocrx_word' id='word_1_25' title='bbox 861 558 1046 608; x_wconf 88' lang='lat' dir='ltr'>marino</span> <span class='ocrx_word' id='word_1_26' title='bbox 1072 555 1382 614; x_wconf 87' lang='lat' dir='ltr'>conformem,</span> <span class='ocrx_word' id='word_1_27' title='bbox 1408 556 1589 622; x_wconf 87' lang='lat' dir='ltr'>istoque</span> <span class='ocrx_word' id='word_1_28' title='bbox 1613 556 1756 605; x_wconf 85' lang='lat' dir='ltr'>etiam</span> 
     </span>
     <span class='ocr_line' id='line_1_6' title="bbox 463 629 1755 696; baseline -0.005 -12"><span class='ocrx_word' id='word_1_29' title='bbox 463 636 742 684; x_wconf 87' lang='lat' dir='ltr'>validiorem</span> <span class='ocrx_word' id='word_1_30' title='bbox 761 632 779 655; x_wconf 82' lang='lat'>⁶</span> <span class='ocrx_word' id='word_1_31' title='bbox 803 633 1037 688; x_wconf 84' lang='lat' dir='ltr'>suadeant,</span> <span class='ocrx_word' id='word_1_32' title='bbox 1053 648 1155 678; x_wconf 83' lang='lat' dir='ltr'>aere</span> <span class='ocrx_word' id='word_1_33' title='bbox 1174 631 1425 696; x_wconf 85' lang='lat' dir='ltr'>plusquam</span> <span class='ocrx_word' id='word_1_34' title='bbox 1443 629 1755 694; x_wconf 60' lang='lat' dir='ltr'>octingenties</span> 
     </span>
     <span class='ocr_line' id='line_1_7' title="bbox 464 704 1758 770; baseline -0.007 -11"><span class='ocrx_word' id='word_1_35' title='bbox 464 710 711 759; x_wconf 81' lang='lat' dir='ltr'>mobiliore</span> <span class='ocrx_word' id='word_1_36' title='bbox 730 722 777 755; x_wconf 92' lang='lat' dir='ltr'>et</span> <span class='ocrx_word' id='word_1_37' title='bbox 811 706 1007 765; x_wconf 87' lang='lat' dir='ltr'>leviore,</span> <span class='ocrx_word' id='word_1_38' title='bbox 1048 722 1191 770; x_wconf 89' lang='lat' dir='ltr'>quam</span> <span class='ocrx_word' id='word_1_39' title='bbox 1235 722 1370 769; x_wconf 86' lang='lat' dir='ltr'>aqua,</span> <span class='ocrx_word' id='word_1_40' title='bbox 1411 718 1466 752; x_wconf 91' lang='lat' dir='ltr'>ut</span> <span class='ocrx_word' id='word_1_41' title='bbox 1490 721 1584 753; x_wconf 92' lang='lat' dir='ltr'>non</span> <span class='ocrx_word' id='word_1_42' title='bbox 1611 704 1758 768; x_wconf 87' lang='lat' dir='ltr'>usque</span> 
     </span>
     <span class='ocr_line' id='line_1_8' title="bbox 464 777 1757 843; baseline -0.006 -9"><span class='ocrx_word' id='word_1_43' title='bbox 464 785 739 834; x_wconf 80' lang='lat' dir='ltr'>incredibile</span> <span class='ocrx_word' id='word_1_44' title='bbox 765 783 837 840; x_wconf 86' lang='lat' dir='ltr'>fit,</span> <span class='ocrx_word' id='word_1_45' title='bbox 871 797 1099 843; x_wconf 85' lang='lat' dir='ltr'>aquarum</span> <span class='ocrx_word' id='word_1_46' title='bbox 1124 781 1171 825; x_wconf 88' lang='lat' dir='ltr'>in</span> <span class='ocrx_word' id='word_1_47' title='bbox 1195 779 1373 826; x_wconf 88' lang='lat' dir='ltr'>marino</span> <span class='ocrx_word' id='word_1_48' title='bbox 1397 779 1506 826; x_wconf 86' lang='lat' dir='ltr'>aestu</span> <span class='ocrx_word' id='word_1_49' title='bbox 1530 777 1757 826; x_wconf 83' lang='lat' dir='ltr'>elevatio-</span> 
     </span>
     <span class='ocr_line' id='line_1_9' title="bbox 464 851 1759 919; baseline -0.005 -11"><span class='ocrx_word' id='word_1_50' title='bbox 464 878 562 916; x_wconf 85' lang='lat' dir='ltr'>nes,</span> <span class='ocrx_word' id='word_1_51' title='bbox 583 858 762 919; x_wconf 84' lang='lat' dir='ltr'>insuper</span> <span class='ocrx_word' id='word_1_52' title='bbox 784 854 987 916; x_wconf 78' lang='lat' dir='ltr'>impositi</span> <span class='ocrx_word' id='word_1_53' title='bbox 1013 852 1131 897; x_wconf 88' lang='lat' dir='ltr'>aeris</span> <span class='ocrx_word' id='word_1_54' title='bbox 1159 853 1342 898; x_wconf 87' lang='lat' dir='ltr'>raritate</span> <span class='ocrx_word' id='word_1_55' title='bbox 1367 851 1548 914; x_wconf 87' lang='lat' dir='ltr'>majori,</span> <span class='ocrx_word' id='word_1_56' title='bbox 1566 866 1759 915; x_wconf 82' lang='lat' dir='ltr'>propter</span> 
     </span>
     <span class='ocr_line' id='line_1_10' title="bbox 464 923 1756 991; baseline -0.005 -10"><span class='ocrx_word' id='word_1_57' title='bbox 464 937 620 983; x_wconf 75' lang='lat' dir='ltr'>Lunae</span> <span class='ocrx_word' id='word_1_58' title='bbox 655 928 864 991; x_wconf 86' lang='lat' dir='ltr'>Solisque</span> <span class='ocrx_word' id='word_1_59' title='bbox 899 923 1241 980; x_wconf 59' lang='lat' dir='ltr'>attractionem,</span> <span class='ocrx_word' id='word_1_60' title='bbox 1281 924 1497 970; x_wconf 87' lang='lat' dir='ltr'>incitari:</span> <span class='ocrx_word' id='word_1_61' title='bbox 1541 926 1756 987; x_wconf 89' lang='lat' dir='ltr'>quando-</span> 
     </span>
     <span class='ocr_line' id='line_1_11' title="bbox 464 998 1756 1071; baseline -0.007 -17"><span class='ocrx_word' id='word_1_62' title='bbox 464 1009 658 1071; x_wconf 82' lang='lat' dir='ltr'>quidem</span> <span class='ocrx_word' id='word_1_63' title='bbox 707 999 1035 1064; x_wconf 85' lang='lat' dir='ltr'>circumposita</span> <span class='ocrx_word' id='word_1_64' title='bbox 1094 998 1348 1045; x_wconf 86' lang='lat' dir='ltr'>fluidorum</span> <span class='ocrx_word' id='word_1_65' title='bbox 1397 1000 1618 1061; x_wconf 83' lang='lat' dir='ltr'>preffione</span> <span class='ocrx_word' id='word_1_66' title='bbox 1678 1001 1756 1047; x_wconf 88' lang='lat' dir='ltr'>ad-</span> 
     </span>
     <span class='ocr_line' id='line_1_12' title="bbox 466 1072 1759 1145; baseline -0.005 -17"><span class='ocrx_word' id='word_1_67' title='bbox 466 1094 643 1145; x_wconf 84' lang='lat' dir='ltr'>empta,</span> <span class='ocrx_word' id='word_1_68' title='bbox 670 1092 749 1125; x_wconf 89' lang='lat' dir='ltr'>aut</span> <span class='ocrx_word' id='word_1_69' title='bbox 775 1077 981 1140; x_wconf 86' lang='lat' dir='ltr'>aliquam</span> <span class='ocrx_word' id='word_1_70' title='bbox 1006 1087 1186 1138; x_wconf 89' lang='lat' dir='ltr'>partem</span> <span class='ocrx_word' id='word_1_71' title='bbox 1204 1073 1400 1130; x_wconf 88' lang='lat' dir='ltr'>sublata,</span> <span class='ocrx_word' id='word_1_72' title='bbox 1423 1072 1571 1119; x_wconf 88' lang='lat' dir='ltr'>subita</span> <span class='ocrx_word' id='word_1_73' title='bbox 1593 1089 1759 1123; x_wconf 89' lang='lat' dir='ltr'>eorum</span> 
     </span>
     <span class='ocr_line' id='line_1_13' title="bbox 465 1148 1757 1222; baseline -0.006 -18"><span class='ocrx_word' id='word_1_74' title='bbox 465 1152 814 1222; x_wconf 86' lang='lat' dir='ltr'>quaquaversus</span> <span class='ocrx_word' id='word_1_75' title='bbox 840 1150 1057 1214; x_wconf 78' lang='lat' dir='ltr'>expansio</span> <span class='ocrx_word' id='word_1_76' title='bbox 1098 1150 1262 1204; x_wconf 89' lang='lat' dir='ltr'>oritur,</span> <span class='ocrx_word' id='word_1_77' title='bbox 1296 1164 1443 1212; x_wconf 88' lang='lat' dir='ltr'>eaque</span> <span class='ocrx_word' id='word_1_78' title='bbox 1483 1148 1530 1195; x_wconf 88' lang='lat' dir='ltr'>in</span> <span class='ocrx_word' id='word_1_79' title='bbox 1571 1148 1757 1198; x_wconf 85' lang='lat' dir='ltr'>aerifor-</span> 
     </span>
     <span class='ocr_line' id='line_1_14' title="bbox 466 1221 1759 1287; baseline -0.008 -8"><span class='ocrx_word' id='word_1_80' title='bbox 466 1247 594 1279; x_wconf 87' lang='lat' dir='ltr'>mem</span> <span class='ocrx_word' id='word_1_81' title='bbox 620 1227 916 1276; x_wconf 84' lang='lat' dir='ltr'>substantiam</span> <span class='ocrx_word' id='word_1_82' title='bbox 936 1223 1030 1271; x_wconf 88' lang='lat' dir='ltr'>fere</span> <span class='ocrx_word' id='word_1_83' title='bbox 1054 1236 1151 1271; x_wconf 88' lang='lat' dir='ltr'>tota</span> <span class='ocrx_word' id='word_1_84' title='bbox 1176 1221 1426 1278; x_wconf 87' lang='lat' dir='ltr'>transeunt,</span> <span class='ocrx_word' id='word_1_85' title='bbox 1452 1223 1582 1287; x_wconf 91' lang='lat' dir='ltr'>quod</span> <span class='ocrx_word' id='word_1_86' title='bbox 1607 1223 1653 1270; x_wconf 89' lang='lat' dir='ltr'>in</span> <span class='ocrx_word' id='word_1_87' title='bbox 1677 1240 1759 1272; x_wconf 80' lang='lat' dir='ltr'>ex-</span> 
     </span>
     <span class='ocr_line' id='line_1_15' title="bbox 467 1295 1755 1360; baseline -0.005 -9"><span class='ocrx_word' id='word_1_88' title='bbox 467 1301 691 1352; x_wconf 65' lang='lat' dir='ltr'>calefaeto</span> <span class='ocrx_word' id='word_1_89' title='bbox 727 1302 781 1347; x_wconf 81' lang='lat' dir='ltr'>fit</span> <span class='ocrx_word' id='word_1_90' title='bbox 819 1316 938 1355; x_wconf 86' lang='lat' dir='ltr'>aere,</span> <span class='ocrx_word' id='word_1_91' title='bbox 980 1296 1124 1360; x_wconf 88' lang='lat' dir='ltr'>inque</span> <span class='ocrx_word' id='word_1_92' title='bbox 1162 1295 1464 1360; x_wconf 83' lang='lat' dir='ltr'>pneumatica</span> <span class='ocrx_word' id='word_1_93' title='bbox 1500 1312 1755 1360; x_wconf 82' lang='lat' dir='ltr'>campana:</span> 
     </span>
     <span class='ocr_line' id='line_1_16' title="bbox 466 1368 1758 1441; baseline -0.005 -16"><span class='ocrx_word' id='word_1_94' title='bbox 466 1377 568 1441; x_wconf 85' lang='lat' dir='ltr'>post</span> <span class='ocrx_word' id='word_1_95' title='bbox 593 1377 712 1432; x_wconf 77' lang='lat' dir='ltr'>haee,</span> <span class='ocrx_word' id='word_1_96' title='bbox 748 1374 962 1437; x_wconf 88' lang='lat' dir='ltr'>inquam,</span> <span class='ocrx_word' id='word_1_97' title='bbox 1002 1371 1080 1417; x_wconf 84' lang='lat' dir='ltr'>vix</span> <span class='ocrx_word' id='word_1_98' title='bbox 1104 1371 1296 1428; x_wconf 86' lang='lat' dir='ltr'>mirum,</span> <span class='ocrx_word' id='word_1_99' title='bbox 1335 1368 1367 1416; x_wconf 88' lang='lat' dir='ltr'><strong>fi</strong></span> <span class='ocrx_word' id='word_1_100' title='bbox 1391 1369 1576 1417; x_wconf 86' lang='lat' dir='ltr'>lunares</span> <span class='ocrx_word' id='word_1_101' title='bbox 1601 1372 1758 1434; x_wconf 88' lang='lat' dir='ltr'>perio-</span> 
     </span>
     <span class='ocr_line' id='line_1_17' title="bbox 466 1442 1757 1512; baseline -0.004 -14"><span class='ocrx_word' id='word_1_102' title='bbox 466 1453 552 1498; x_wconf 85' lang='lat' dir='ltr'>dos</span> <span class='ocrx_word' id='word_1_103' title='bbox 594 1446 789 1512; x_wconf 88' lang='lat' dir='ltr'>plurimi</span> <span class='ocrx_word' id='word_1_104' title='bbox 831 1446 971 1508; x_wconf 86' lang='lat' dir='ltr'>plane</span> <span class='ocrx_word' id='word_1_105' title='bbox 1005 1443 1162 1491; x_wconf 85' lang='lat' dir='ltr'>morbi</span> <span class='ocrx_word' id='word_1_106' title='bbox 1200 1442 1456 1500; x_wconf 79' lang='lat' dir='ltr'>ostendant,</span> <span class='ocrx_word' id='word_1_107' title='bbox 1500 1442 1757 1506; x_wconf 85' lang='lat' dir='ltr'>cujusmodi</span> 
     </span>
     <span class='ocr_line' id='line_1_18' title="bbox 467 1516 1757 1577; baseline -0.002 -7"><span class='ocrx_word' id='word_1_108' title='bbox 467 1525 616 1571; x_wconf 80' lang='lat' dir='ltr'>multa</span> <span class='ocrx_word' id='word_1_109' title='bbox 674 1538 732 1568; x_wconf 84' lang='lat' dir='ltr'>ex</span> <span class='ocrx_word' id='word_1_110' title='bbox 792 1519 1097 1574; x_wconf 87' lang='lat' dir='ltr'>Helmontio‚</span> <span class='ocrx_word' id='word_1_111' title='bbox 1179 1516 1389 1573; x_wconf 90' lang='lat' dir='ltr'>Horsti0,</span> <span class='ocrx_word' id='word_1_112' title='bbox 1463 1518 1757 1577; x_wconf 68' lang='lat' dir='ltr'>BartliolinQ</span> 
     </span>
     <span class='ocr_line' id='line_1_19' title="bbox 468 1592 1752 1661; baseline -0.004 -15"><span class='ocrx_word' id='word_1_113' title='bbox 468 1599 668 1661; x_wconf 77' lang='lat' dir='ltr'>Tulpio,</span> <span class='ocrx_word' id='word_1_114' title='bbox 710 1610 756 1643; x_wconf 90' lang='lat' dir='ltr'>et</span> <span class='ocrx_word' id='word_1_115' title='bbox 801 1594 1111 1642; x_wconf 87' lang='lat' dir='ltr'>Ramazzinio</span> <span class='ocrx_word' id='word_1_116' title='bbox 1150 1593 1360 1656; x_wconf 85' lang='lat' dir='ltr'>collegit.</span> <span class='ocrx_word' id='word_1_117' title='bbox 1401 1592 1539 1639; x_wconf 90' lang='lat' dir='ltr'>Ricc.</span> <span class='ocrx_word' id='word_1_118' title='bbox 1585 1595 1752 1641; x_wconf 88' lang='lat' dir='ltr'>Mead.</span> 
     </span>
     <span class='ocr_line' id='line_1_20' title="bbox 468 1664 1756 1730; baseline -0.005 -11"><span class='ocrx_word' id='word_1_119' title='bbox 468 1670 691 1719; x_wconf 80' lang='lat' dir='ltr'>Narravit</span> <span class='ocrx_word' id='word_1_120' title='bbox 742 1681 789 1716; x_wconf 91' lang='lat' dir='ltr'>et</span> <span class='ocrx_word' id='word_1_121' title='bbox 829 1669 1246 1714; x_wconf 86' lang='lat' dir='ltr'>Zimmermannus</span> <span class='ocrx_word' id='word_1_122' title='bbox 1297 1665 1355 1712; x_wconf 89' lang='lat' dir='ltr'>de</span> <span class='ocrx_word' id='word_1_123' title='bbox 1407 1664 1604 1712; x_wconf 77' lang='lat' dir='ltr'>foemina</span> <span class='ocrx_word' id='word_1_124' title='bbox 1641 1682 1756 1730; x_wconf 82' lang='lat' dir='ltr'>qua-</span> 
     </span>
     <span class='ocr_line' id='line_1_21' title="bbox 473 1737 1757 1807; baseline -0.004 -16"><span class='ocrx_word' id='word_1_125' title='bbox 473 1746 603 1803; x_wconf 88' lang='lat' dir='ltr'>dam,</span> <span class='ocrx_word' id='word_1_126' title='bbox 645 1758 751 1807; x_wconf 66' lang='lat' dir='ltr'>quse</span> <span class='ocrx_word' id='word_1_127' title='bbox 776 1741 916 1789; x_wconf 85' lang='lat' dir='ltr'>taenia</span> <span class='ocrx_word' id='word_1_128' title='bbox 941 1741 1152 1788; x_wconf 88' lang='lat' dir='ltr'>laborans</span> <span class='ocrx_word' id='word_1_129' title='bbox 1177 1758 1202 1785; x_wconf 84' lang='lat' dir='ltr'>a</span> <span class='ocrx_word' id='word_1_130' title='bbox 1228 1739 1375 1786; x_wconf 88' lang='lat' dir='ltr'>tribus</span> <span class='ocrx_word' id='word_1_131' title='bbox 1396 1737 1589 1802; x_wconf 84' lang='lat' dir='ltr'>jamque</span> <span class='ocrx_word' id='word_1_132' title='bbox 1613 1740 1757 1796; x_wconf 89' lang='lat' dir='ltr'>annis,</span> 
     </span>
     <span class='ocr_line' id='line_1_22' title="bbox 470 1815 1757 1880; baseline -0.002 -15"><span class='ocrx_word' id='word_1_133' title='bbox 470 1834 643 1865; x_wconf 86' lang='lat' dir='ltr'>certam</span> <span class='ocrx_word' id='word_1_134' title='bbox 687 1816 785 1880; x_wconf 81' lang='lat' dir='ltr'>ejus</span> <span class='ocrx_word' id='word_1_135' title='bbox 832 1815 1117 1880; x_wconf 86' lang='lat' dir='ltr'>portionem,</span> <span class='ocrx_word' id='word_1_136' title='bbox 1159 1815 1346 1877; x_wconf 77' lang='lat' dir='ltr'>singulis</span> <span class='ocrx_word' id='word_1_137' title='bbox 1387 1815 1638 1871; x_wconf 69' lang='lat' dir='ltr'>mmfibus,</span> <span class='ocrx_word' id='word_1_138' title='bbox 1673 1815 1757 1862; x_wconf 87' lang='lat' dir='ltr'>sub</span> 
     </span>
     <span class='ocr_line' id='line_1_23' title="bbox 469 1889 1757 1953; baseline -0.004 -12"><span class='ocrx_word' id='word_1_139' title='bbox 469 1908 595 1942; x_wconf 89' lang='lat' dir='ltr'>certo</span> <span class='ocrx_word' id='word_1_140' title='bbox 619 1895 771 1940; x_wconf 81' lang='lat' dir='ltr'>Lunae</span> <span class='ocrx_word' id='word_1_141' title='bbox 811 1891 961 1953; x_wconf 74' lang='lat' dir='ltr'>positu</span> <span class='ocrx_word' id='word_1_142' title='bbox 1001 1891 1265 1936; x_wconf 75' lang='lat' dir='ltr'>emmittere</span> <span class='ocrx_word' id='word_1_143' title='bbox 1306 1889 1439 1936; x_wconf 82' lang='lat' dir='ltr'>solita</span> <span class='ocrx_word' id='word_1_144' title='bbox 1487 1903 1617 1936; x_wconf 87' lang='lat' dir='ltr'>erat:</span> <span class='ocrx_word' id='word_1_145' title='bbox 1683 1889 1757 1936; x_wconf 88' lang='lat' dir='ltr'>cui</span> 
     </span>
     <span class='ocr_line' id='line_1_24' title="bbox 469 1958 1758 2026; baseline -0.003 -11"><span class='ocrx_word' id='word_1_146' title='bbox 469 1969 606 2015; x_wconf 81' lang='lat' dir='ltr'>aliam</span> <span class='ocrx_word' id='word_1_147' title='bbox 650 1965 855 2012; x_wconf 77' lang='lat' dir='ltr'>{imiliter</span> <span class='ocrx_word' id='word_1_148' title='bbox 897 1964 1131 2010; x_wconf 84' lang='lat' dir='ltr'>historiam</span> <span class='ocrx_word' id='word_1_149' title='bbox 1174 1960 1405 2026; x_wconf 63' lang='lat' dir='ltr'>Religiofi‘</span> <span class='ocrx_word' id='word_1_150' title='bbox 1438 1964 1537 2010; x_wconf 88' lang='lat' dir='ltr'>Viri</span> <span class='ocrx_word' id='word_1_151' title='bbox 1578 1958 1758 2011; x_wconf 63' lang='lat' dir='ltr'>Auctor</span> 
     </span>
     <span class='ocr_line' id='line_1_25' title="bbox 469 2037 1753 2103; baseline -0.002 -13"><span class='ocrx_word' id='word_1_152' title='bbox 469 2040 690 2099; x_wconf 65' lang='lat' dir='ltr'>adneclit‚</span> <span class='ocrx_word' id='word_1_153' title='bbox 720 2056 862 2103; x_wconf 86' lang='lat' dir='ltr'>quam</span> <span class='ocrx_word' id='word_1_154' title='bbox 880 2038 1040 2102; x_wconf 86' lang='lat' dir='ltr'>jocose</span> <span class='ocrx_word' id='word_1_155' title='bbox 1064 2039 1254 2095; x_wconf 63' lang='lat' dir='ltr'>diftam,</span> <span class='ocrx_word' id='word_1_156' title='bbox 1283 2037 1471 2102; x_wconf 86' lang='lat' dir='ltr'>fereque</span> <span class='ocrx_word' id='word_1_157' title='bbox 1497 2039 1542 2085; x_wconf 79' lang='lat' dir='ltr'>in</span> <span class='ocrx_word' id='word_1_158' title='bbox 1570 2039 1753 2087; x_wconf 86' lang='lat' dir='ltr'>Medici</span> 
     </span>
     <span class='ocr_line' id='line_1_26' title="bbox 468 2114 1519 2177; baseline -0.008 -10"><span class='ocrx_word' id='word_1_159' title='bbox 468 2121 589 2167; x_wconf 84' lang='lat' dir='ltr'>libro</span> <span class='ocrx_word' id='word_1_160' title='bbox 614 2116 971 2174; x_wconf 78' lang='lat' dir='ltr'>stomachosam,</span> <span class='ocrx_word' id='word_1_161' title='bbox 1006 2115 1174 2162; x_wconf 84' lang='lat' dir='ltr'>melius</span> <span class='ocrx_word' id='word_1_162' title='bbox 1200 2114 1519 2177; x_wconf 71' lang='lat' dir='ltr'>suppreffii&#39;l&#39;et.</span> 
     </span>
    </p>
   </div>
   <div class='ocr_carea' id='block_1_5' title="bbox 471 2263 1757 2407">
    <p class='ocr_par' dir='ltr' id='par_1_5' title="bbox 471 2263 1757 2407">
     <span class='ocr_line' id='line_1_27' title="bbox 543 2263 1750 2331; baseline -0.007 -14"><span class='ocrx_word' id='word_1_163' title='bbox 543 2287 559 2317; x_wconf 93' lang='lat'>1</span> <span class='ocrx_word' id='word_1_164' title='bbox 578 2288 619 2317; x_wconf 85' lang='lat'>1.</span> <span class='ocrx_word' id='word_1_165' title='bbox 655 2268 853 2331; x_wconf 85' lang='lat' dir='ltr'>Propius</span> <span class='ocrx_word' id='word_1_166' title='bbox 891 2267 948 2313; x_wconf 86' lang='lat' dir='ltr'>de</span> <span class='ocrx_word' id='word_1_167' title='bbox 974 2266 1184 2312; x_wconf 70' lang='lat' dir='ltr'>ulcerum</span> <span class='ocrx_word' id='word_1_168' title='bbox 1221 2281 1330 2310; x_wconf 72' lang='lat' dir='ltr'>cum</span> <span class='ocrx_word' id='word_1_169' title='bbox 1356 2266 1493 2312; x_wconf 71' lang='lat' dir='ltr'>Luna</span> <span class='ocrx_word' id='word_1_170' title='bbox 1519 2263 1750 2321; x_wconf 77' lang='lat' dir='ltr'>consensu,</span> 
     </span>
     <span class='ocr_line' id='line_1_28' title="bbox 471 2338 1757 2407; baseline -0.005 -16"><span class='ocrx_word' id='word_1_171' title='bbox 471 2345 623 2407; x_wconf 84' lang='lat' dir='ltr'>deque</span> <span class='ocrx_word' id='word_1_172' title='bbox 650 2341 1068 2390; x_wconf 77' lang='lat' dir='ltr'>intermittentium</span> <span class='ocrx_word' id='word_1_173' title='bbox 1095 2339 1246 2386; x_wconf 79' lang='lat' dir='ltr'>reditu</span> <span class='ocrx_word' id='word_1_174' title='bbox 1267 2338 1399 2401; x_wconf 77' lang='lat' dir='ltr'>juxta</span> <span class='ocrx_word' id='word_1_175' title='bbox 1433 2354 1579 2386; x_wconf 84' lang='lat' dir='ltr'>certas</span> <span class='ocrx_word' id='word_1_176' title='bbox 1603 2341 1757 2386; x_wconf 80' lang='lat' dir='ltr'>Lunae</span> 
     </span>
    </p>
   </div>
   <div class='ocr_carea' id='block_1_6' title="bbox 517 2519 1761 2575">
    <p class='ocr_par' dir='ltr' id='par_1_6' title="bbox 517 2519 1761 2575">
     <span class='ocr_line' id='line_1_29' title="bbox 517 2519 1761 2575; baseline -0.007 -9"><span class='ocrx_word' id='word_1_177' title='bbox 517 2528 534 2553; x_wconf 81' lang='lat'><strong>⁶</strong></span> <span class='ocrx_word' id='word_1_178' title='bbox 563 2527 653 2566; x_wconf 74' lang='lat' dir='ltr'>Frifi</span> <span class='ocrx_word' id='word_1_179' title='bbox 680 2531 732 2566; x_wconf 79' lang='lat' dir='ltr'>De</span> <span class='ocrx_word' id='word_1_180' title='bbox 751 2532 904 2568; x_wconf 60' lang='lat' dir='ltr'>Grnvft.</span> <span class='ocrx_word' id='word_1_181' title='bbox 936 2537 971 2565; x_wconf 79' lang='lat' dir='ltr'>et</span> <span class='ocrx_word' id='word_1_182' title='bbox 1009 2527 1147 2565; x_wconf 75' lang='lat' dir='ltr'>Manu.</span> <span class='ocrx_word' id='word_1_183' title='bbox 1175 2527 1343 2564; x_wconf 66' lang='lat' dir='ltr'>Mmofre</span> <span class='ocrx_word' id='word_1_184' title='bbox 1364 2529 1434 2575; x_wconf 59' lang='lat' dir='ltr'>sb)-</span> <span class='ocrx_word' id='word_1_185' title='bbox 1464 2525 1510 2563; x_wconf 71' lang='lat' dir='ltr'>les</span> <span class='ocrx_word' id='word_1_186' title='bbox 1528 2523 1670 2562; x_wconf 68' lang='lat' dir='ltr'>Manes</span> <span class='ocrx_word' id='word_1_187' title='bbox 1686 2519 1761 2558; x_wconf 84' lang='lat' dir='ltr'>Ae-</span> 
     </span>
    </p>
   </div>
   <div class='ocr_carea' id='block_1_7' title="bbox 465 2592 1748 2679">
    <p class='ocr_par' dir='ltr' id='par_1_7' title="bbox 465 2592 1748 2679">
     <span class='ocr_line' id='line_1_30' title="bbox 465 2592 577 2627; baseline -0.009 0"><span class='ocrx_word' id='word_1_188' title='bbox 465 2592 577 2627; x_wconf 71' lang='lat' dir='ltr'>riemz.</span> 
     </span>
     <span class='ocr_line' id='line_1_31' title="bbox 1554 2646 1748 2679; baseline -0.015 0"><span class='ocrx_word' id='word_1_189' title='bbox 1554 2646 1748 2679; x_wconf 74' lang='lat' dir='ltr'>COUVCI&#39;-</span> 
     </span>
    </p>
   </div>
  </div>
 </body>
</html>
