1871 3211
419 295 1115 345 CAUSSIS.
1325 312 1413 360 19¹

128 429 365 478 observavi
383 449 394 478 z
434 444 542 494 quae
566 441 724 476 tamen
751 430 834 476 rite
854 442 960 476 ante
977 426 1166 475 Menses
1185 429 1424 481 valebant.

127 505 196 551 At
220 519 376 550 earum
401 503 595 567 quidem
620 519 729 561 una,
767 504 917 550 alieno
957 501 1150 549 fortaffis
1178 500 1316 548 doch
1339 520 1418 549 ex-

128 577 305 640 emplo,
345 590 619 623 eventuram
646 575 729 623 s1bi
755 577 938 622 cladem
970 575 1086 622 mihi
1115 574 1421 637 significabat,

128 650 257 712 quod
283 651 471 696 credere
499 650 739 697 nollebam
762 667 772 695 ι
811 650 956 696 altero
992 646 1092 710 post
1117 646 1269 693 mense
1293 647 1424 695 febre

131 738 360 788 correpta,
386 725 598 788 praesagii
624 724 889 780 veritatem,
915 722 1010 769 cito
1034 721 1237 768 moriens
1263 722 1425 769 misere

131 798 443 844 confirmavit.
504 797 627 845 Aliis
653 810 810 844 autem
837 795 1064 851 foeminis,
1087 795 1272 842 uterino
1298 795 1427 842 fluxu

130 868 385 934 suppresso,
423 870 789 932 haemorrhoides
826 883 927 916 tum
954 867 1160 931 primum
1185 881 1427 931 apparent,

129 959 331 1007 quarum
372 944 550 1007 periodi
577 943 833 1007 aliquando
865 942 1044 990 menses
1086 943 1428 990 accuratissime

134 1030 398 1080 coaequant.
470 1019 693 1065 Tandem
733 1031 780 1065 et
822 1017 922 1064 aliis
965 1017 1071 1064 alba
1115 1029 1431 1080 purgamenta

132 1107 216 1154 per
242 1104 392 1137 totam
419 1090 564 1137 vitam
602 1092 730 1138 omni
757 1091 911 1138 mense
936 1107 993 1137 ex
1017 1103 1152 1138 utero
1183 1090 1428 1137 decidunt.

133 1165 398 1212 Menstruas
442 1182 636 1229 quoque
682 1165 917 1229 sanguinis
951 1165 1296 1222 evacuationes,
1333 1177 1430 1211 arte

134 1253 445 1303 comparatas,
482 1241 671 1304 egregie
696 1242 866 1288 vetulis
902 1241 1163 1289 succurrere
1186 1243 1223 1301 ’ᾗ
1258 1240 1431 1288 memi-

134 1314 205 1361 nit
225 1314 492 1362 ReildinuS.

207 1477 288 1525 37.
325 1463 395 1508 At
418 1478 530 1508 vero
556 1461 768 1525 plurimi,
794 1461 878 1525 qui
904 1474 1016 1509 tunc
1036 1461 1244 1525 primum
1272 1459 1432 1510 foemi-

144 1537 216 1583 nis
242 1537 523 1599 contingunt
563 1535 733 1592 morbi,
762 1536 970 1583 maxime
1009 1536 1056 1582 in
1092 1536 1215 1583 cutis
1249 1536 1432 1585 ambitu

139 1612 275 1670 fiunt,
302 1625 347 1658 et
371 1613 428 1659 ad
453 1611 736 1658 cellulosum·
754 1610 1096 1658 subcutaneum
1132 1624 1318 1658 textum
1339 1611 1433 1658 im-

140 1683 301 1748 primis
326 1686 578 1748 pertinent,
620 1684 867 1730 folliculati
894 1684 955 1730 fic
975 1684 1089 1730 dieti
1108 1697 1329 1740 tumores,
1362 1683 1438 1730 in·

141 1773 259 1806 tutae
299 1759 551 1806 universim
590 1758 858 1814 sanationiS,
900 1775 1070 1821 nempe
1110 1758 1240 1822 quod
1278 1757 1439 1804 avulso

142 1849 253 1888 uno,
292 1833 404 1879 novi
446 1831 566 1896 saepe
606 1832 965 1894 progerminent
989 1835 1045 1880 ²³.
1118 1833 1253 1894 Saepe
1295 1831 1441 1878 etiam

1205 1904 1440 1952 diuturnae

188 2041 232 2061 2²
265 2039 355 2076 Lin.
375 2039 478 2076 Med.

193 2101 227 2127 23
255 2095 509 2133 Observatum
543 2096 594 2134 est
625 2105 829 2133 externum
861 2108 999 2144 acrem,
1036 2109 1126 2134 curn
1153 2095 1194 2133 in
1223 2095 1448 2136 cellulosum

138 2165 288 2195 textum
321 2169 388 2206 per
418 2157 560 2193 vulnus
591 2167 657 2194 aut
690 2159 800 2194 ulcus
835 2155 952 2194 libere
979 2155 1206 2203 admittitur,
1241 2156 1448 2194 universim

139 2217 278 2254 damno
296 2217 380 2254 effe.
413 2218 545 2267 Qare
562 2216 729 2255 recentia
743 2216 918 2264 vulnera,
940 2217 977 2254 id
991 2230 1125 2255 eorum
1139 2226 1276 2254 natura
1290 2216 1449 2264 ferente,

140 2276 341 2329 Chirurgi,
371 2277 514 2329 quibus
534 2277 813 2328 prudentissime
833 2279 907 2315 Ars
921 2279 1117 2324 tractatur,
1151 2289 1218 2316 aut
1242 2279 1449 2325 consuunt,

141 2348 219 2386 aut,
239 2339 344 2390 quod
365 2338 500 2376 melius
515 2339 578 2386 est,
602 2339 655 2376 ita
676 2340 785 2377 molli
801 2338 1001 2389 emplastro
1013 2337 1221 2391 glutinant,
1237 2350 1274 2378 et
1289 2338 1452 2377 circum-

140 2397 256 2434 dueia
288 2395 403 2434 fascia
434 2396 690 2448 conjungunt,
740 2407 782 2435 ut
814 2399 946 2435 nullus
977 2398 1016 2435 in
1069 2412 1112 2436 ea
1149 2408 1276 2449 pateat
1303 2398 1452 2436 externi

143 2454 240 2493 aeris
254 2454 393 2492 aditus.
425 2456 709 2494 Diuturnorum
724 2471 817 2495 vero
830 2457 1060 2495 abscessuum
1076 2457 1312 2504 incifionem,
1331 2458 1454 2496 maxi-

142 2513 261 2552 mein
289 2514 460 2552 articulis
480 2514 519 2562 ii,
551 2529 631 2567 quo
662 2517 750 2566 plus
779 2517 945 2567 possunt,
978 2517 1116 2565 vitant,
1148 2517 1253 2569 fique
1272 2517 1456 2568 scalpello

145 2573 346 2619 excidunt,
367 2573 405 2613 id
429 2573 544 2612 etiam
564 2575 676 2613 multi
695 2587 828 2626 agunt,
859 2587 901 2614 ut
919 2586 956 2613 et
971 2590 1090 2629 quam
1115 2577 1284 2625 minima,
1306 2589 1342 2615 et
1361 2589 1454 2628 pau-

143 2632 280 2672 ciffima
299 2633 340 2670 fit
359 2635 502 2684 plaga:
535 2636 712 2687 quamvis
734 2637 948 2685 neceffitati,
984 2648 1026 2675 ut
1058 2637 1188 2676 scribit
1220 2637 1371 2684 Celsus,
1400 2637 1454 2675 ita

145 2694 448 2735 succurrendum
467 2695 528 2745 est,
564 2706 606 2735 ut
636 2709 763 2749 neque
784 2698 946 2737 vulnera
978 2698 1121 2740 necess'e
1140 2699 1185 2738 fit
1201 2699 1331 2751 postea
1349 2697 1457 2748 inge·

1285 2769 1445 2804 minare,
