1871 3211
440 238 496 284 16
667 228 786 306 DE
839 220 1027 279 v11‘T.
1081 219 1470 272 PERIOD.

499 380 548 425 4.
591 366 733 413 Certe
773 378 884 410 cum
920 358 1072 406 multa
1111 356 1165 403 s1t
1197 355 1549 403 nonnullorum
1573 350 1621 398 in
1643 348 1731 396 hae

381 475 389 496 2
435 456 483 488 re
507 437 778 494 constantia,
821 434 1002 499 praestat
1025 430 1283 494 aliquando
1304 429 1420 476 illud
1445 427 1734 491 potiffirnum

375 514 384 525 ”
410 516 413 519 ’
434 525 619 576 tempus
643 511 868 572 deligere,
906 506 938 552 fi
961 504 1149 568 quando
1174 501 1429 565 constipata
1469 501 1601 546 alvus
1634 514 1732 544 me*

437 587 710 634 dicamento
732 581 969 632 movenda
991 579 1070 627 est.
1141 577 1241 625 Vix
1274 576 1402 622 enim
1437 573 1500 620 est
1531 568 1735 620 dubium

435 669 494 700 eo
518 653 722 699 maxime
752 664 964 712 tempore
997 644 1394 710 praedisponentes
1436 639 1662 704 quasdam
1686 638 1736 685 in

431 728 658 776 machina
682 725 913 773 motiones
933 720 1144 776 excitari,
1188 734 1299 783 quae
1324 716 1587 781 plurimum
1623 727 1736 760 cum

434 797 774 849 medicamenti
799 797 847 844 vi
875 793 1137 858 conjurent.
1211 790 1503 854 Exemplum
1529 786 1668 836 habui
1689 785 1739 833 in

436 865 557 922 sene,
591 866 673 931 qui
700 880 810 911 cum
837 863 1025 925 vespere
1051 861 1343 924 potissimum
1367 874 1478 904 cum
1498 856 1629 902 sanus
1647 853 1736 900 de-

437 952 586 1003 geret,
631 952 842 986 ventrem
885 951 1070 998 egerere
1119 932 1443 986 consueviffet,
1498 927 1736 976 obstrufita

437 1012 655 1073 pluribus
671 1010 869 1073 jamque
888 1010 1053 1055 diebus
1073 1006 1199 1059 alvo,
1237 1005 1351 1052 dato
1376 1004 1528 1051 tribus
1561 998 1739 1048 succes-

440 1083 531 1130 five
561 1084 727 1136 diebus
761 1098 897 1138 mane
936 1081 1288 1133 medicamento
1330 1091 1593 1139 numquam
1629 1089 1740 1137 pur-

438 1157 536 1219 gari
578 1156 749 1220 potuit,
814 1156 961 1201 donec
1003 1152 1192 1199 tandem
1238 1150 1333 1196 leni
1393 1149 1540 1195 altero
1594 1163 1744 1210 prope

440 1230 678 1291 vesperam
715 1227 924 1274 exhibito
959 1226 1119 1273 alvum
1159 1222 1456 1285 deposuiffet.
1527 1221 1742 1269 Uberius

443 1302 670 1366 ejusmodi
696 1299 967 1362 exemplu-u
996 1298 1040 1342 in
1058 1298 1386 1344 Foeminarurn
1408 1294 1646 1341 mensibus
1666 1293 1738 1340 in-

445 1375 638 1422 citandis
657 1373 848 1437 prostat.
919 1373 1065 1419 Novo
1092 1369 1259 1416 itidem
1293 1381 1588 1431 argumento,
1636 1383 1741 1414 me-

444 1449 818 1495 dicamentorum
843 1445 890 1491 in
911 1446 1114 1492 humano
1142 1458 1338 1507 corpore
1364 1441 1502 1498 vires,
1538 1440 1741 1496 multam

446 1522 605 1568 saltem
642 1535 823 1583 partem
849 1536 873 1566 a
898 1518 1135 1584 temporiS,
1183 1517 1236 1563 in·
1264 1515 1608 1580 quod'dantur,
1655 1506 1740 1563 de—

447 1595 570 1641 icem
605 1594 825 1657 pendere.

514 1755 560 1801 Ἰς.
587 1738 948 1785 Sedmultarum
961 1734 1140 1800 prorsus
1156 1733 1516 1781 evacuationum
1537 1731 1742 1796 impetus

442 1813 540 1860 -fere
566 1815 669 1875 plus
691 1812 1021 1859 consuetudine
1043 1826 1187 1873 quam
1208 1806 1468 1854 necessitate
1488 1820 1738 1854 movetur:

443 1903 590 1951 quare
608 1885 637 1931 fi
655 1885 757 1948 quis
774 1901 845 1930 ex.
861 1902 927 1946 gr.
947 1885 1097 1930 urinas
1116 1883 1364 1929 demittere
1379 1881 1592 1944 proxima
1605 1897 1744 1944 pran-

449 1962 529 2006 dio
552 1960 622 2004 vel
643 1958 804 2003 somno
828 1958 940 2003 hora
960 1956 1118 2003 solitus
1132 1955 1200 2012 sit,
1219 1955 1260 2001 ei
1286 1953 1530 2016 mingendi
1551 1955 1742 2001 neceffi-

450 2040 518 2073 tas
535 2026 613 2072 sub
633 2026 684 2070 iis
708 2023 1062 2070 constantiffime
1082 2022 1208 2069 horis
1224 2020 1484 2077 revertitur,
1504 2036 1598 2067 non
1619 2034 1742 2068 certe

452 2103 509 2147 ab
530 2100 764 2146 urinarum
791 2099 992 2154 stimulo,
1035 2109 1112 2143 aut
1136 2096 1299 2142 vesica:
1320 2095 1613 2151 distensione,
1637 2096 1743 2158 ple-

450 2193 648 2240 rumque
659 2176 862 2230 modica,
881 2190 1044 2222 verum
1057 2173 1184 2236 quod
1196 2173 1381 2218 affuetae
1390 2171 1608 2235 quaedam
1619 2171 1746 2220 circa

450 2251 648 2297 vesicam
673 2250 902 2297 motiones
927 2247 1051 2311 quasi
1072 2249 1168 2292 vim
1192 2247 1446 2309 quamdam
1470 2246 1516 2292 in
1537 2261 1640 2292 eam
1671 2244 1743 2292 fa-

454 2323 591 2377 ciant,
628 2320 889 2383 exindeque
912 2319 1167 2366 mieturitio
1195 2335 1250 2364 eo
1270 2319 1497 2381 temporis
1525 2314 1742 2367 niomenss

456 2410 505 2442 to
539 2412 645 2441 eum
679 2396 753 2440 vel
781 2395 981 2441 invitum
1007 2406 1176 2441 teneat.
1245 2393 1362 2439 Non
1401 2392 1542 2455 igitur
1573 2409 1743 2457 perpe-

451 2484 539 2515 tuo
569 2469 779 2515 stimuius
802 2467 987 2532 proprie
1012 2468 1065 2513 fit
1086 2484 1110 2513 a
1135 2466 1345 2523 materie,
1387 2466 1617 2530 siquidem
1636 2483 1745 2530 quae

450 2555 569 2589 ¹tunc
592 2542 745 2605 prodit
773 2543 1011 2589 urinarum
1049 2541 1303 2604 quantitas,
1337 2541 1418 2588 vix
1455 2558 1540 2606 per
1563 2530 1608 2588 se
1631 2540 1745 2588 mei*

458 2615 773 2662 endistimuio
813 2616 876 2662 est
915 2614 1104 2677 reliquis
1142 2613 1235 2661 diei
1274 2613 1412 2662 horis.
1482 2613 1561 2661 Sic
1600 2608 1742 2659 etiam

563 2718 581 2750 ,ι
639 2739 661 2758 ,i
1555 2684 1744 2733 abscifl'a

1863 870 1871 932 a.-
1861 694 1871 864 „nanum-..g
1861 545 1871 686 „a—nn*
