1871 3211
437 256 497 320 56
649 256 765 305 DE
813 253 1449 314 VIT.PER10D.

502 407 549 454 7.
585 391 762 440 Cavere
809 387 992 451 insuper
1043 386 1219 433 necesse
1266 385 1346 442 est,
1391 401 1447 431 ne
1481 379 1723 445 vegetabi7

439 466 577 522 lium,
619 467 962 529 brutorumque
987 462 1114 507 Vitis
1162 477 1283 514 eam,
1333 475 1439 522 quae
1477 457 1724 519 hominum

440 539 519 595 est,
568 526 915 592 consociantes}
947 528 1053 585 huic
1074 551 1180 598 quae
1200 546 1470 580 caeterarum
1504 531 1567 576 est
1602 545 1724 592 prae-

443 609 724 668 stantiffima,
797 611 1064 671 importuna
1098 606 1464 673 'comparatione
1522 604 1729 651 multum

441 684 659 731 ademisse
699 684 960 731 videamur.
1033 681 1245 727 Omnino
1279 679 1453 726 etenim
1495 673 1731 742 quidquid

442 759 769 820 tempestatum
812 754 1146 803 mutationibus
1192 753 1387 809 confert,
1437 753 1575 813 longe
1625 746 1730 810 plus

443 831 729 893 plantarum,
765 846 809 877 et
841 828 1112 877 animalium
1156 843 1353 896 corpora
1387 839 1553 895 mutat,
1586 837 1730 886 quam

443 904 644 951 hominis
673 915 714 958 33
763 921 847 950 nec
901 902 1009 958 fere,
1065 900 1160 946 sola
1207 914 1394 945 externa
1448 894 1734 960 tempestatis

444 976 752 1022 vicissitudine
798 966 1190 1027 tanmm'adlmc,
1264 972 1406 1018 homo
1450 973 1726 1031 afficeretur,

448 1050 528 1094 nisi
577 1064 848 1099 caeterarum
902 1047 1243 1102 mutationum,
1303 1062 1410 1108 quae
1456 1045 1502 1090 in
1541 1059 1735 1107 vegetae

447 1122 530 1168 bili
566 1136 611 1167 et
638 1123 823 1168 animali
865 1135 1032 1181 regno,
1067 1117 1265 1180 jamque
1287 1118 1420 1163 simul
1453 1133 1563 1164 cum
1601 1135 1738 1168 novae

448 1195 727 1258 tempestatis
769 1194 941 1240 inceffu
997 1192 1319 1247 obtinuerunt,
1371 1190 1406 1236 is
1460 1190 1506 1237 in
1548 1193 1737 1241 nutriti-

447 1284 554 1323 onej
617 1268 885 1330 caeterisque
922 1266 1047 1311 Vitae
1093 1264 1259 1309 officiis
1302 1264 1537 1327 particeps
1585 1267 1734 1323 fieret,
1761 1295 1774 1307 ι

451 1355 503 1387 ut
546 1343 672 1408 quasi
698 1343 883 1387 illarum
907 1339 1143 1392 omnium,
1189 1349 1296 1400 q'uae
1322 1337 1369 1384 in
1410 1338 1601 1401 reliquis
1632 1357 1733 1388 cor-

451 1415 645 1476 poribus
687 1416 822 1469 fiunt,
867 1429 985 1459 unus
1014 1412 1060 1458 in
1103 1411 1291 1458 homine
1316 1424 1470 1458 extare
1496 1412 1740 1468 consensus

454 1483 682 1533 videatur.
957 1484 959 1486 ’
1259 1479 1261 1483 ’
1348 1480 1354 1485 ’
1411 1478 1414 1482 ’

526 1637 571 1680 8.
601 1635 918 1695 Praeterquam
943 1633 1070 1697 quod
1096 1632 1304 1693 multum
1340 1631 1386 1684 in
1413 1631 1494 1679 ista
1536 1632 1739 1696 tempes-

455 1719 606 1753 tatum
643 1707 1010 1769 morborumque
1042 1705 1350 1764 consensione,
1384 1705 1583 1768 regionis
1608 1707 1738 1765 loco,

459 1780 504 1825 in
530 1795 626 1842 quo
650 1780 872 1837 vivimus,
898 1780 1108 1826 dandum
1127 1779 1203 1826 est.
1259 1780 1432 1843 Neque
1458 1779 1582 1826 enim
1612 1772 1741 1826 Anni

459 1864 722 1915 temporum
745 1854 1063 1900 converslones
1098 1853 1268 1914 pariter
1301 1853 1478 1917 ubique
1503 1854 1742 1912 eveniunt,

459 1941 612 1988 neque
659 1927 835 1972 eaedem
872 1939 1112 1988 propterea
1156 1926 1429 1973 morborum
1466 1929 1745 1982 reversiones

461 2000 509 2046 in
540 2000 721 2047 easdem
747 2001 925 2064 ubique
950 2000 1244 2063 tempestates
1270 2002 1517 2063 quadrant.
1585 2007 1744 2070 Qare

461 2088 567 2134 quae
592 2073 649 2119 de
676 2073 907 2120 Autumni
951 2089 1057 2135 erga
1096 2073 1377 2120 tabescentes
1401 2075 1604 2137 pernicie
1627 2078 1744 2125 olim

463 2148 579 2194 inter
625 2147 816 2194 Graecos
859 2147 1180 2210 Hippocrates
1228 2161 1492 2209 monuerat,
1541 2165 1592 2195 ea
1633 2152 1746 2201 alibi

463 2222 616 2289 potius
658 2223 779 2269 veris
821 2222 909 2268 effe
947 2221 1164 2287 legimus.
1235 2221 1462 2280 Similiter
1499 2226 1749 2288 tempesta-

463 2305 568 2338 tum
593 2295 924 2341 accessionibus
965 2293 1181 2339 ordinate
1219 2293 1554 2352 obtinentibus,
1599 2315 1746 2361 pecu-

465 2363 600 2411 liares
624 2365 869 2428 aliquando
891 2366 1113 2412 locorum
1139 2366 1514 2426 circumstantiae,
1553 2385 1677 2415 nova
1700 2384 1749 2417 et

468 2437 725 2499 tempestati
779 2440 1039 2501 incongrua
1092 2438 1363 2506 morborum
1423 2457 1593 2504 genera
1633 2456 1747 2505 pro-

820 2627 836 2650 3
867 2624 978 2679 Conf.
1000 2622 1148 2667 Praefat,
1184 2623 1224 2662 in
1254 2625 1347 2665 Vol.
1367 2627 1401 2667 Ι.

1069 2686 1092 2691 ”
1582 2690 1748 2742 ferunt.
